4500 6100
512 786 557 849 58
986 776 1234 849 HISTORIA
1260 778 1516 851 ABBA'PUM

512 974 808 1045 commentarium
833 972 1030 1045 mittamus.
1081 972 1126 1043 In
1152 972 1352 1066 praesentia
1374 984 1498 1047 ιιιιιοιι
1524 996 1597 1045 non
1621 976 1785 1067 ineptum
1803 972 1917 1045 nsum
1936 972 1989 1046 est

512 1116 706 1203 eonsilium,
732 1116 759 1189 fi
783 1128 928 1191 tuorum
952 1122 991 1191 in
1018 1116 1267 1193 constituendo
1291 1119 1506 1194 monasterio
1523 1146 1545 1193 a
1560 1120 1703 1215 Kynloa
1725 1121 1890 1193 laborum
1910 1130 1989 1193 toto

512 1277 576 1339 tuo
593 1264 753 1351 decursu,
778 1269 877 1340 brevi
903 1276 941 1339 et
958 1267 1193 1339 tumultuario
1209 1270 1421 1362 compendio
1437 1268 1701 1341 immortalitati
1718 1268 1911 1361 (quantum
1926 1292 1990 1362 por

510 1438 569 1486 me
585 1416 661 1486 fieri
678 1414 810 1508 potest)
828 1412 1078 1487 consecrarem.
1123 1413 1318 1511 Indignum
1333 1414 1417 1489 sane
1433 1418 1582 1501 facinus,
1598 1413 1626 1487 li
1641 1418 1680 1489 in
1696 1426 1802 1489 tanta
1816 1418 1989 1489 bonoram

511 1560 707 1635 studiorum
737 1586 833 1635 nuno
862 1562 952 1647 luae,
982 1558 1172 1634 illustrium
1198 1566 1355 1635 virorum
1383 1559 1483 1658 gesta
1517 1573 1556 1635 et
1583 1564 1773 1658 magnifiee
1801 1564 1897 1636 faita
1927 1588 1990 1657 per

511 1710 734 1783 oscitantiam
752 1710 999 1782 obliterantur.
1033 1709 1134 1795 Quot
1149 1719 1256 1803 putat
1268 1710 1355 1782 olim
1368 1710 1588 1783 Reverentia
1599 1719 1664 1783 tua
1675 1733 1750 1782 non
1764 1709 1880 1783 solum
1896 1714 1988 1806 apud

511 1867 664 1942 exteros,
681 1856 742 1929 sed
767 1859 877 1929 otiam
895 1860 933 1929 in
951 1856 1074 1929 Sootia
1090 1859 1184 1929 viros
1204 1857 1438 1951 peroelebres,
1464 1856 1656 1953 episcopos,
1682 1860 1842 1944 abbatae,
1863 1870 1902 1933 et
1925 1862 1990 1932 lru-

504 2004 661 2098 jusmodi
686 2002 796 2088 inille,
822 2006 1045 2099 egregiorum
1071 2026 1219 2097 operum
1236 2004 1414 2089 authores,
1440 2027 1592 2097 quorum
1607 2009 1765 2092 nomina,
1781 2006 1990 2102 scriptorum

510 2156 651 2247 ignavia
667 2152 725 2224 vel
750 2154 869 2245 potina
894 2154 1062 2234 carentia,
1085 2152 1315 2246 ignorantur!
1350 2152 1541 2225 Probabile
1556 2151 1619 2238 est,
1639 2155 1708 2227 hoo
1725 2164 1831 2227 tunm
1854 2155 1991 2229 monas·

510 2302 642 2373 terium
662 2301 708 2372 ab
724 2301 827 2371 initio
844 2322 908 2393 per
932 2308 989 2370 tot
1014 2296 1133 2371 secula
1148 2322 1232 2371 enm
1256 2300 1450 2373 monachos
1466 2311 1546 2372 tum
1563 2302 1712 2374 abbates
1737 2300 1991 2377 landatiffimoa

510 2444 687 2521 habnill'e:
717 2456 756 2521 et
772 2456 894 2520 tamen
910 2470 1008 2519 nuno
1024 2448 1085 2518 rix
1102 2447 1275 2519 abbatom
1290 2443 1353 2519 sax
1369 2450 1517 2520 nomina
1531 2450 1601 2521 rite
1616 2452 1761 2521 tenetis.
1807 2450 1926 2523 'lanta
1939 2450 1992 2525 est

511 2600 681 2691 temporie
699 2592 897 2669 vioissitudo
913 2604 957 2667 ιιι
972 2618 1124 2689 magnae
1141 2597 1251 2667 etiam
1276 2595 1437 2667 looorum
1453 2593 1648 2669 strustnrao
1664 2620 1797 2669 nomen
1813 2596 1992 2673 olariffimi

510 2747 576 2817 viri
593 2746 631 2816 in
647 2745 784 2838 aliquot
808 2741 927 2815 seoula
942 2744 1099 2836 prolerre
1115 2765 1190 2813 non
1205 2741 1360 2814 rmaant.
1410 2743 1585 2837 Tempore
1605 2744 1829 2839 sepeliuntur
1843 2749 1993 2842 imperia

511 2902 549 2965 at
566 2916 685 2988 regna,
708 2888 881 2963 immensa
896 2889 1171 2985 propugnacula,
1197 2890 1363 2961 civitatee
1379 2885 1622 2983 amplillimae,
1648 2889 1823 2965 struttnra
1836 2892 1993 2969 mirabili

511 3042 671 3114 excitata
686 3038 831 3133 templa,
849 3048 887 3110 at
904 3038 989 3131 quid
1006 3037 1103 3110 noni
1155 3036 1259 3108 Nihil
1276 3034 1330 3110 est
1344 3046 1421 3110 tam
1439 3036 1634 3132 operosum,
1650 3049 1694 3111 ιιι
1710 3049 1916 3136 temporum
1940 3046 1995 3116 in·

505 3191 602 3284 juria
625 3187 816 3280 aliqnando
840 3209 914 3257 non
939 3187 1113 3258 oonoidat.
1178 3185 1306 3257 Solum
1328 3185 1513 3258 literarum
1537 3188 1753 3261 benolioium
1778 3193 1832 3262 ita
1855 3193 1895 3263 in
1919 3189 1995 3286 pos·

511 3350 608 3408 teros
624 3335 808 3429 propagari
826 3329 950 3428 potest,
978 3342 1019 3404 ut
1044 3354 1240 3426 nunquam,
1263 3356 1355 3426 quae
1379 3332 1463 3408 sunt
1478 3335 1629 3429 alicujus
1644 3340 1831 3423 momenti,
1848 3348 1995 3412 aeterna

511 3485 691 3556 oblivione
706 3484 961 3576 opprimantur.
1013 3481 1160 3566 Quanta
1173 3477 1295 3553 statim
1310 3483 1357 3554 ab
1373 3484 1460 3555 orbe
1484 3483 1630 3556 oondito
1654 3507 1721 3578 per
1747 3507 1893 3558 omnem
1909 3509 1995 3583 gen·

511 3645 586 3706 tem
604 3633 792 3728 magnifiee
808 3629 908 3726 gesta
923 3639 1108 3701 tenemus:
1134 3652 1236 3722 quaa,
1250 3625 1325 3701 fine
1341 3629 1465 3714 literis,
1482 3631 1707 3726 ignoratione
1722 3641 1897 3728 perpetua
1912 3657 1996 3708 oon·

512 3779 744 3876 tegerentur?
796 3777 938 3862 Literia,
964 3787 1069 3850 vetus
1089 3799 1132 3848 ao
1156 3799 1250 3848 nova
1273 3775 1474 3846 divinarum
1499 3797 1619 3846 rorum
1643 3775 1790 3848 historia
1811 3779 1998 3876 invulgata

513 3925 575 4009 est,
592 3923 808 3999 constitutae
823 3923 1042 4018 respublicae
1054 3931 1094 3997 et
1106 3923 1301 4017 multiplex
1316 3919 1560 4017 religiosorum
1576 3923 1763 3996 hominnm
1779 3921 1995 3999 institutum.

514 4075 605 4160 Quia
617 4097 690 4145 non
706 4075 856 4145 miratur
872 4074 944 4145 divi
963 4071 1175 4166 Hieronymi
1192 4073 1259 4154 tui,
1276 4079 1314 4142 et
1331 4078 1553 4142 caeterorum
1569 4079 1713 4164 patrum
1726 4073 1828 4146 aital
1861 4073 1917 4147 At
1928 4076 1996 4147 hoc

513 4221 627 4315 ipsum
651 4218 725 4292 fine
749 4219 863 4291 literia
887 4217 1059 4312 nusquam
1084 4217 1273 4290 constaret.
1324 4216 1412 4288 Non
1436 4225 1579 4290 tantum
1605 4221 1716 4313 igitur
1740 4221 1908 4308 hnmana,
1934 4223 1997 4296 sed

514 4375 634 4444 divina
667 4391 818 4461 quoqne,
851 4389 899 4436 ne
932 4367 1074 4458 qnando
1106 4364 1295 4458 perfluant,
1329 4364 1514 4437 literarum
1546 4367 1721 4439 beneficio
1753 4371 1994 4443 eontinentur.

514 4521 595 4592 Hao
607 4519 746 4590 ratione
762 4523 946 4610 permotus
962 4537 1041 4610 ego,
1058 4515 1096 4585 in
1114 4521 1200 4584 tuae
1217 4513 1360 4583 virtutis
1376 4515 1725 4586 oommandationem
1741 4539 1926 4609 nunquam
1943 4521 1997 4590 in·

514 4668 780 4740 termorituram
806 4665 890 4736 huia
918 4663 1083 4757 perbrevi
1109 4662 1367 4734 oommentario
1391 4681 1539 4732 manum
1563 4663 1717 4734 admovi.
1769 4659 1920 4748 Quodti
1944 4663 1997 4737 est

513 4811 724 4906 hujusmodi,
751 4821 793 4882 ut
817 4813 974 4884 aet'atem
992 4810 1157 4902 perferre,
1185 4817 1223 4880 et
1239 4807 1464 4879 literatorum
1475 4807 1614 4900 judicia
1628 4805 1754 4903 poffit3
1780 4813 1819 4882 in
1834 4834 1997 4884 meorum

515 4959 699 5034 onmnlum
710 4961 894 5040 bonorum,
907 4967 945 5029 et
955 4959 1048 5030 hano
1061 4959 1195 5053 ingenii
1208 4957 1479 5048 praeeipitatem
1489 4959 1665 5030 foatnram
1675 4961 2000 5048 &numeraverim
