4500 6100
496 776 541 841 40
752 770 759 781 “
967 764 1217 839 HISTORIA
1243 762 1502 836 ABBATUM

496 986 613 1035 mores
642 960 841 1057 agnoscere,
871 963 991 1034 addidi
1016 986 1075 1035 me
1103 962 1188 1033 Mri.
1220 960 1371 1035 Roberti
1402 960 1496 1033 Reid
1522 962 1721 1045 comitatui,
1751 960 1979 1033 conciliatore

498 1116 574 1195 vin,
611 1113 687 1183 viro
715 1110 813 1183 scoto
843 1110 1004 1184 Roberto
1038 1111 1267 1194 Richardino,
1301 1112 1363 1201 qui
1396 1106 1564 1205 exegesrn
1596 1111 1636 1179 in
1669 1108 1756 1180 Divi
1788 1106 1979 1203 Augustini

497 1261 658 1357 regulam
691 1255 904 1354 conscripsit.
972 1259 1043 1331 His
1076 1261 1199 1351 itaque
1231 1256 1395 1351 auspiciis
1420 1260 1459 1329 in
1483 1256 1644 1329 Scotiam
1678 1258 1789 1342 veni;
1839 1255 1902 1330 sed
1936 1258 1979 1330 de

498 1412 601 1482 nobis
630 1409 737 1504 paulo
762 1409 921 1481 inferius.
974 1408 1084 1481 Nunc
1113 1408 1159 1479 ud
1190 1406 1245 1478 M.
1273 1406 1476 1478 Robertum
1505 1406 1601 1477 Reid
1628 1408 1892 1501 properandum
1920 1401 1978 1477 est

499 1560 651 1633 Solvens
678 1558 828 1630 Lutetia
852 1565 1024 1650 patronus
1043 1558 1120 1650 jam
1147 1553 1267 1627 noster
1289 1554 1398 1647 paulo
1422 1549 1502 1648 post
1523 1551 1652 1647 pascha
1677 1550 1857 1647 Dieppam
1873 1557 1978 1636 venit.

498 1711 569 1791 ubi,
596 1702 790 1780 transmisso
807 1708 853 1779 ad
870 1706 1009 1800 Reyam
1030 1706 1130 1789 mari,
1157 1702 1363 1774 Londinum
1389 1702 1568 1795 profettus
1594 1699 1658 1786 est,
1684 1726 1725 1775 ac
1752 1703 1922 1795 deinceps
1945 1704 1980 1773 in

499 1858 659 1929 Scotiam
684 1864 722 1927 et
748 1857 786 1925 in
811 1853 964 1947 Kynlos.
1030 1852 1107 1924 Sub
1141 1861 1367 1934 autumnum,
1401 1845 1605 1944 compositis
1635 1870 1718 1923 curn
1743 1845 1980 1943 precedessore

499 2004 568 2075 i'uis
594 2005 712 2086 rebus,
738 2026 785 2075 ex
808 2000 950 2095 Kynlos
977 1999 1227 2093 Edinburgum
1252 2000 1369 2083 rediit,
1395 2009 1434 2071 et
1459 1999 1535 2071 illic
1563 2001 1659 2094 apud
1685 2002 1841 2071 minores
1857 2000 1981 2071 fratres

499 2154 635 2222 domini
661 2151 793 2223 Gavini
818 2150 984 2222 Dumbar
1008 2148 1298 2221 Aberdoniarum
1323 2147 1494 2242 praesulis
1523 2145 1720 2221 ministerio
1749 2151 1787 2220 in
1816 2150 1982 2221 abbatam

500 2302 667 2372 inanitus
685 2297 747 2372 est.
799 2296 894 2377 Post,
912 2299 1053 2371 rediens
1078 2298 1124 2369 ad
1149 2294 1416 2381 monasterium,
1441 2321 1488 2370 ex
1513 2321 1613 2369 more
1628 2295 1701 2381 suo,
1726 2306 1908 2371 conventu
1932 2295 1983 2369 est

501 2459 684 2542 exceptus,
718 2458 756 2521 et
786 2451 824 2519 in
854 2447 1053 2541 capitulum
1082 2444 1259 2529 admissus,
1293 2456 1336 2516 ut
1370 2446 1422 2529 fit,
1457 2448 1618 2517 omnium
1653 2454 1797 2540 patrum
1832 2470 1917 2541 erga
1948 2443 1983 2517 se

501 2603 743 2674 obedientiam
755 2599 917 2694 suscepit.
960 2599 1104 2671 Deinde
1116 2598 1231 2681 litem,
1244 2596 1422 2688 majorum
1436 2591 1624 2667 oscitantia
1636 2595 1802 2667 adversus
1815 2593 1984 2667 Forensea

500 2774 592 2844 pene
622 2752 828 2834 extinttam,
858 2752 903 2821 de
933 2750 1086 2841 quadam
1116 2740 1322 2839 possessione
1346 2768 1369 2816 a
1393 2744 1564 2839 Burgyne
1593 2746 1777 2827 excitavit,
1806 2767 1849 2815 ac
1875 2745 1984 2815 etiam

500 2902 597 2983 vicit,
628 2921 711 2971 cum
737 2894 819 2992 ipsra
845 2894 1078 2981 Forensrbns3
1120 2897 1160 2966 in
1189 2918 1260 2987 qua
1293 2893 1460 2976 obtinuit,
1495 2895 1592 2965 rebbo
1618 2893 1768 2985 judicio,
1801 2894 1891 2965 duaa
1923 2891 1984 2963 suo

500 3045 714 3121 monasterio
748 3048 904 3141 cymbas.
968 3045 1117 3118 Curavit
1146 3046 1258 3116 etiam
1286 3066 1351 3136 per
1379 3042 1502 3115 literas
1530 3044 1646 3138 regias
1670 3067 1803 3139 pagum
1831 3040 1985 3114 suumn

503 3198 682 3269 Finderne
712 3199 751 3268 in
779 3196 962 3266 baroniam
992 3194 1148 3288 burgum
1173 3189 1237 3281 (src
1262 3190 1370 3286 vulgo
1395 3191 1607 3284 loquuntur)
1635 3193 1804 3285 cooptari.
1856 3191 1985 3285 Nuper

502 3368 643 3440 quoque
668 3346 870 3438 portionem
892 3339 1129 3435 piscationum
1145 3341 1252 3411 unius
1268 3340 1417 3434 cymbae
1434 3362 1541 3433 quam
1559 3341 1784 3433 occupabant
1801 3338 1984 3424 Forensea,

501 3502 737 3567 annumerata
765 3492 928 3586 operanti
958 3491 1112 3583 quadam
1141 3490 1305 3582 pecunia,
1334 3491 1497 3561 redemit.
1566 3487 1643 3561 Sub
1672 3512 1808 3561 annum
1836 3487 1984 3560 Domini

506 3651 599 3717 1530
622 3645 762 3737 accepit
779 3644 817 3714 in
835 3641 1084 3714 commendam
1109 3635 1365 3711 monasterium
1381 3637 1530 3722 Belloci,
1548 3640 1586 3709 in
1603 3661 1674 3730 quo
1691 3638 1808 3710 multa
1824 3640 1984 3732 quotidie

504 3796 612 3888 digna
628 3791 836 3887 posteritate
861 3791 958 3864 facit.
1010 3789 1098 3860 Ibus
1123 3789 1190 3862 boc
1216 3811 1310 3860 anno
1332 3794 1427 3866 1537
1452 3784 1603 3881 suscepit
1622 3788 1775 3881 juvenes
1800 3790 1838 3858 in
1863 3811 1985 3858 mona·

428 3966 430 3970 ’
503 3941 648 4012 chatum
673 3943 842 4033 quinque,
869 3962 957 4032 quoa
982 3939 1114 4031 adjecit
1139 3938 1279 4008 duobus
1295 3935 1375 4008 aliia
1399 3935 1507 4028 paulo
1524 3945 1609 4008 ante
1634 3960 1656 4009 a
1677 3933 1716 4044 se
1739 3937 1914 4029 receptia3
1943 3959 1984 4007 ac

503 4088 617 4158 indies
642 4097 744 4181 parat
768 4087 904 4180 lapides
928 4087 975 4158 ad
1000 4085 1128 4179 templi
1153 4087 1230 4179 ejus
1255 4086 1324 4157 loci
1350 4084 1473 4177 (quem
1497 4093 1628 4158 vocant
1656 4086 1801 4179 navem)
1827 4083 1985 4157 constru-

504 4238 643 4308 endam.
696 4235 773 4308 Sub
798 4257 933 4306 annum
958 4243 1081 4306 autem
1112 4233 1259 4306 Domini
1290 4241 1395 4317 1533,
1430 4232 1550 4306 missus
1580 4231 1633 4306 est
1662 4235 1708 4307 ab
1735 4259 1821 4331 rege
1848 4235 1983 4308 Jacobo

503 4387 579 4478 ejus
595 4386 750 4456 nominis
780 4385 906 4476 quinto
924 4405 1004 4464 ¹nna
1028 4404 1111 4454 cum
1133 4381 1422 4454 Aberdonimum
1446 4383 1607 4477 praesule
1632 4385 1777 4456 domino
1802 4385 1985 4458 Gulielmo

505 4535 642 4618 Sturam,
668 4534 809 4630 legatus
835 4534 881 4604 ad
909 4531 1110 4604 Henricnm
1136 4533 1213 4625 ejus
1237 4534 1392 4603 nominis
1418 4534 1582 4604 ottavum
1607 4530 1810 4629 Anglorum
1836 4535 1983 4629 Regem,

504 4707 567 4776 pro
592 4706 679 4776 pace
705 4684 861 4756 ineunda
885 4683 981 4752 inter
997 4680 1124 4752 Scotos
1142 4690 1180 4753 et
1197 4680 1358 4775 Anglos3
1387 4683 1609 4773 quodetiam
1632 4683 1800 4755 obtinuit.
1851 4680 1985 4753 Rursus

506 4830 600 4901 solus
617 4833 662 4903 ad
680 4832 835 4904 eundem
851 4853 973 4926 regem
991 4826 1122 4914 missus,
1141 4825 1415 4922 auspieaciffime
1432 4853 1565 4902 munus
1576 4829 1679 4902 suum
1695 4833 1845 4926 peregit.
1895 4830 1986 4900 Inde

507 4975 615 5050 semel
633 4988 740 5070 atque
761 4981 893 5054 iterum
918 4980 964 5052 ab
990 4977 1149 5052 Henrico
1174 5003 1259 5073 rege
1283 4979 1408 5052 multia
1433 4977 1523 5052 vasra
1547 4982 1727 5075 argenteis
1752 4981 1915 5062 donatus.
1941 4979 1985 5050 ad
