4500 6100
706 814 1037 889 MONAS'IERII
1064 816 1098 889 A
1126 816 1351 890 KYNLOS.
1720 820 1768 885 33

281 1011 472 1105 ingentem
487 1010 688 1103 manniam,
705 1022 748 1082 nt
764 1009 813 1084 iio
830 1013 932 1085 fieret
953 1015 1062 1087 abbae
1079 1038 1101 1087 a
1117 1012 1249 1107 Cupro,
1275 1015 1373 1084 unde
1396 1014 1553 1106 primum
1568 1014 1606 1083 in
1625 1011 1767 1104 Kynlos

283 1166 444 1229 venerat.
494 1156 568 1229 Sed
591 1182 675 1229 eum
692 1158 824 1231 fefellit
849 1170 1010 1244 oonatue,
1036 1185 1112 1233 rem
1143 1164 1195 1233 ita
1220 1162 1505 1255 temperantibus
1530 1158 1674 1255 superio,
1700 1184 1767 1231 neo

284 1304 428 1399 Kynloe
456 1308 576 1400 potuit
593 1271 767 1392 ¹retinere,
795 1332 863 1379 neo
890 1307 1051 1403 Cuprum
1078 1332 1216 1403 oapere.
1280 1308 1422 1381 Verum
1446 1309 1641 1381 infeliciter
1661 1312 1765 1402 perit,

285 1454 409 1525 dolore
426 1455 617 1538 oonfedtus,
635 1457 730 1549 apud
749 1455 906 1551 Forfayr.

336 1602 413 1674 Sub
429 1605 498 1675 boo
509 1582 647 1677 Jaoobo
661 1603 826 1698 Gutbery
839 1606 922 1677 faui
937 1604 1021 1677 sunt
1038 1607 1204 1677 monachi
1222 1607 1387 1676 dominus
1405 1604 1588 1676 Robertus
1606 1604 1767 1675 Donald·

284 1750 348 1821 son
364 1752 536 1845 patruelia
554 1754 688 1824 domini
704 1752 730 1823 J
731 1756 856 1825 omnis
874 1754 1063 1827 Sobauvml
1080 1752 1167 1825 olim
1184 1754 1324 1825 abbatie
1340 1776 1363 1825 a
1379 1752 1523 1847 Cupro3
1548 1754 1608 1824 hio
1629 1752 1766 1824 Rober-

286 1908 346 1971 tue
368 1896 578 1972 instaurarit
593 1896 761 1973 sacellum
779 1900 816 1973 S.
833 1900 993 1975 Thomae
1017 1904 1204 1996 martyr-im
1230 1902 1320 1973 obiit
1340 1908 1445 1985 1510,
1463 1900 1528 1973 sub
1544 1900 1682 1973 'l'boma
1703 1903 1765 1972 ab

287 2048 380 2119 bate.
432 2047 524 2120 Oum
537 2046 743 2121 Donaldson
760 2047 858 2121 rasus
870 2046 924 2120 est
940 2050 1106 2123 dominus
1118 2050 1278 2121 Joannee
1292 2049 1469 2144 Gutbery,
1482 2052 1544 2143 qni
1561 2050 1667 2145 longe
1680 2059 1766 2121 ante

189 2278 194 2289 ,
286 2198 388 2269 suum
406 2196 580 2292 collegam
598 2198 682 2269 satis
699 2192 878 2270 aouoeffit.

336 2344 442 2430 Item,
472 2346 637 2417 dominus
665 2346 840 2418 Patricius
867 2344 1019 2431 Wilson,
1049 2348 1104 2417 vir
1135 2347 1192 2437 (ut
1220 2349 1342 2442 audio)
1373 2348 1515 2441 probus,
1547 2350 1765 2419 novitiorum

288 2494 467 2577 formator,
497 2497 557 2588 qui
587 2496 697 2567 etiam
726 2495 882 2589 praefuit
913 2478 1057 2566 domino
1086 2496 1246 2569 Tbomae
1275 2492 1451 2590 crystallo
1481 2493 1605 2589 postea
1633 2496 1764 2567 abbati.

288 2640 390 2713 Obiit
407 2644 573 2714 dominus
586 2643 772 2726 Patricius,
789 2640 868 2736 post
878 2646 992 2715 varias
1010 2645 1266 2729 divexationee,
1284 2643 1348 2715 sub
1358 2643 1497 2716 'l'homa
1513 2644 1653 2726 abbate,
1671 2651 1764 2715 1595

289 2792 346 2861 die
365 2794 386 2863 6
404 2789 571 2886 Augusti.

337 2938 444 3024 Item,
468 2941 635 3011 domiuus
660 2940 778 3011 David
807 2938 915 3024 Eliot,
942 2942 1003 3032 qui
1019 2940 1190 3033 pleraque
1215 2941 1400 3013 volumina
1423 2941 1576 3025 ritualia,
1602 2940 1766 3013 studiolia

289 3089 478 3166 neoess'aria
508 3092 566 3164 vel
599 3093 742 3174 coemit,
778 3091 836 3162 vel
861 3089 923 3163 sua
951 3114 1061 3164 manu
1091 3089 1283 3184 desoripiit.
1346 3090 1446 3162 Emit
1475 3093 1534 3163 hio
1563 3089 1693 3163 sacello
1728 3091 1765 3162 S.

288 3241 438 3314 Joannie
455 3263 535 3313 eam
553 3236 804 3334 Evangelistae
821 3242 1013 3334 imaginem
1031 3262 1139 3332 quam
1164 3263 1261 3311 nuno
1279 3241 1451 3323 videmus,
1478 3248 1517 3311 et
1542 3238 1696 3312 ansulam
1721 3263 1767 3311 ex

289 3392 395 3462 mbra
410 3385 506 3482 byilo
523 3389 728 3482 palmatam.
779 3387 883 3458 Obiit
903 3391 997 3460 1526
1016 3389 1074 3458 die
1095 3395 1116 3460 5
1135 3387 1358 3471 Decembris,
1376 3386 1441 3459 snb
1457 3388 1596 3460 Thema
1611 3389 1753 3461 abbate.

339 3537 446 3623 Item,
464 3539 629 3610 dominus
649 3536 854 3610 Gulielmue
879 3535 1023 3618 Butter,
1049 3538 1110 3628 qui
1135 3559 1200 3628 per
1224 3538 1508 3631 indignationem
1533 3539 1765 3610 homicidium

289 3688 443 3780 patravit
460 3685 680 3758 verberando
696 3705 849 3777 puerum
866 3685 904 3753 in
921 3679 1075 3754 claustro
1099 3681 1152 3755 sui
1176 3683 1398 3766 Monasterii,
1424 3681 1490 3755 sub
1514 3684 1645 3755 abbate
1661 3685 1767 3756 Guli-

288 3837 381 3907 elmo
399 3834 536 3906 Cultor.
588 3833 708 3918 Quare
725 3833 838 3904 iadtus
854 3830 1067 3926 irregularis,
1092 3833 1272 3925 protenus
1288 3827 1342 3902 est
1358 3831 1525 3914 Romam,
1550 3853 1633 3902 oum
1649 3833 1763 3904 altero

288 3985 472 4068 monaoho,
490 3983 636 4054 domino
655 3981 814 4052 Henrioo
829 3979 1062 4074 Leythonow,
1083 3985 1188 4063 1500,
1215 3980 1276 4051 ubi
1294 3978 1477 4051 absolutus
1494 3976 1557 4063 est,
1583 4003 1625 4052 aa
1642 4003 1764 4053 exem-

288 4134 387 4225 plum
404 4129 635 4202 absolutionis
651 4127 713 4200 suo
730 4129 852 4200 abbati
877 4123 1094 4212 transmitit;
1119 4125 1195 4221 ipse
1220 4127 1426 4200 Gulielmue
1452 4151 1536 4200 vero
1553 4153 1636 4200 oum
1662 4127 1763 4200 Hen-

287 4284 358 4353 rioo
376 4279 514 4374 oollega
530 4301 714 4371 nunquam
730 4278 848 4348 rediit.

335 4427 441 4512 Item,
468 4428 633 4497 dominus
649 4424 809 4497 Joonnee
834 4424 955 4508 Kella,
981 4433 1147 4519 reoeptue
1173 4433 1327 4507 tantum,
1353 4419 1475 4518 postea
1498 4420 1668 4516 profeilue
1692 4421 1759 4494 sub

287 4576 472 4648 Galbretb.
523 4573 597 4646 Hio
622 4574 742 4644 triduo
759 4594 866 4666 quam
892 4582 1091 4644 moreretur
1105 4575 1145 4642 in
1161 4571 1311 4664 Templo
1329 4567 1588 4641 Eucharistiam
1604 4567 1757 4652 sumena,

286 4734 405 4818 patres
429 4727 567 4819 rogavit
592 4733 634 4794 ut
659 4723 767 4793 funus
792 4721 893 4793 suum
920 4724 957 4792 in
982 4722 1079 4792 diem
1104 4720 1254 4792 tertium
1279 4721 1461 4801 ducerent,
1483 4720 1592 4790 etita
1616 4720 1758 4802 evenit3

290 4881 382 4946 1522
401 4875 459 4944 die
476 4879 523 4944 20
539 4871 564 4944 J
566 4873 701 4944 aunarii
718 4871 835 4964 periit.
889 4867 990 4940 Emit
1006 4871 1037 4940 ie
1053 4865 1224 4939 tabellam
1241 4867 1280 4935 in
1305 4862 1432 4936 saoello
1457 4865 1495 4936 S.
1514 4865 1694 4951 Andreae,
1720 4876 1758 4938 et

286 5019 439 5092 casulam
456 5020 651 5114 palmatam
668 5039 714 5090 ex
731 5018 838 5089 rubra
852 5013 960 5111 bytso.
