4500 6100
495 795 541 863 ιιι
971 742 1220 863 nrsronra
1247 788 1504 862 lanarum

492 984 711 1082 proieffionio
728 982 900 1059 institutis
910 990 1057 1081 juravit.
1087 988 1112 1058 J
1113 1011 1173 1059 am
1189 988 1303 1059 iattua
1319 1008 1412 1057 unua
1424 984 1630 1068 sodalitatis,
1644 986 1811 1056 dominun
1822 984 1978 1055 Thomas

495 1136 540 1207 ab
559 1137 724 1207 omnibus
749 1138 958 1227 nuncupari,
984 1145 1023 1208 et
1047 1136 1163 1208 indiae
1186 1138 1365 1229 magicae
1389 1136 1504 1228 magia
1527 1130 1678 1227 gratiori,
1695 1142 1739 1205 ut
1754 1132 1807 1205 sui
1823 1130 1982 1205 instituti

494 1287 670 1377 penitiora
695 1307 768 1356 non
792 1282 906 1356 solum
927 1284 1148 1379 intelligeret
1164 1284 1226 1355 sod
1242 1284 1353 1354 etiam
1370 1280 1583 1355 observaret.
1634 1281 1695 1354 Ita
1715 1280 1901 1375 plerosque
1915 1281 1980 1353 sua

496 1430 732 1505 modestiaet
758 1433 944 1528 vigilantia
972 1435 1018 1505 ad
1042 1433 1137 1505 bene
1162 1435 1341 1524 beateque
1366 1432 1560 1501 vivendum
1590 1432 1773 1503 excitavit.
1833 1430 1979 1503 Interea

496 1582 605 1655 abbas
620 1583 676 1673 (ut
693 1583 760 1677 iit),
780 1584 926 1677 cognita
942 1580 1077 1653 domini
1094 1582 1254 1653 'lbomac
1270 1582 1308 1651 in
1325 1575 1472 1674 lingulis
1487 1581 1691 1665 acrimonia,
1708 1602 1794 1651 eum
1809 1603 1884 1651 non
1900 1604 1977 1651 raro

496 1730 541 1801 ad
558 1754 633 1801 rem
650 1733 846 1825 gerendam
862 1732 1033 1802 admovit.
1085 1730 1173 1825 Egit
1189 1730 1253 1801 ille
1265 1724 1500 1799 strenuillime
1512 1730 1550 1798 in
1563 1729 1739 1812 omnibus,
1752 1738 1795 1798 ut
1804 1729 1883 1820 jam
1899 1738 1977 1799 tum

497 1881 533 1947 in
551 1876 830 1950 administranda
845 1876 1048 1949 monasterii
1066 1879 1250 1971 republica
1265 1904 1336 1951 non
1355 1883 1501 1974 ineptus
1517 1882 1629 1952 videri
1647 1876 1769 1975 pollet.

547 2024 630 2097 Post
656 2026 842 2119 paululum
860 2049 944 2097 varo
966 2029 1139 2119 temporie
1157 2028 1214 2116 (ut
1230 2050 1287 2099 reo
1302 2026 1387 2099 sunt
1403 2028 1611 2100 mortalium
1631 2031 1790 2125 fragiles)
1815 2032 1979 2103 dominus

497 2174 606 2245 abbae
622 2176 663 2257 io,
681 2198 703 2247 a
719 2196 790 2266 quo
808 2172 926 2247 sacrae
950 2174 1115 2269 religioni
1141 2176 1259 2248 fuerat
1279 2177 1453 2259 initiatus,
1476 2178 1552 2248 fato
1569 2175 1749 2249 conceffit.
1800 2179 1846 2250 In
1861 2180 1981 2250 locum

498 2324 677 2393 demortui
693 2321 896 2419 surrogatus
913 2320 966 2395 est
983 2326 1037 2393 vir
1053 2345 1126 2394 non
1144 2325 1312 2417 ignobilia
1337 2325 1503 2395 dominun
1521 2324 1727 2398 Gulielmno
1743 2336 1981 2422 cognomento

499 2468 669 2555 Gulrosa3
704 2474 765 2563 qui
794 2472 840 2544 ab
869 2473 1018 2544 ineunte
1048 2480 1168 2544 aetate
1196 2473 1381 2543 dominum
1410 2470 1585 2545 Thomam
1619 2477 1813 2547 tenerrime
1842 2476 1980 2547 dilexit.

498 2620 615 2692 Tanto
641 2624 751 2716 igitur
767 2631 805 2693 et
822 2619 999 2713 insperato
1025 2621 1139 2692 fultus
1163 2617 1347 2714 praesidio,
1365 2623 1403 2691 in
1419 2623 1640 2715 gravioribus
1664 2624 1772 2694 rebus
1792 2626 1983 2697 trattandio

500 2793 573 2841 non
606 2770 799 2847 infeliciter
827 2770 1020 2863 periclitari
1054 2772 1196 2863 coepit;
1231 2779 1270 2840 et
1303 2769 1393 2841 nihil
1427 2771 1541 2841 ferme
1571 2794 1730 2864 unquam
1760 2769 1813 2843 est
1839 2774 1985 2845 adortus

500 2920 563 2990 ubi
589 2918 770 2989 fortunam
796 2940 868 2989 non
893 2919 1118 2989 adinvenerit
1143 2915 1409 2990 secundantem.
1461 2917 1520 2990 Ita
1544 2942 1602 2991 res
1626 2921 1866 2992 intricatioreo
1890 2921 1985 3015 apud

500 3067 709 3160 Strathilay,
727 3075 765 3137 et
784 3062 968 3138 ecclesiam
990 3066 1037 3137 ab
1054 3065 1187 3137 Ellone
1203 3063 1358 3137 studiose
1383 3067 1588 3159 explicavit,
1613 3077 1656 3139 ut
1681 3069 1853 3161 majorem
1878 3092 1985 3161 quam

502 3237 662 3307 unquam
689 3223 797 3287 antea
821 3214 916 3307 apud
941 3236 1075 3284 novum
1100 3237 1144 3284 eo
1169 3223 1333 3306 tempore
1356 3214 1525 3286 abbatem
1551 3217 1737 3287 dominum
1763 3217 1987 3288 Gulielmum

503 3361 567 3435 sibi
585 3364 788 3436 conciliarit
803 3363 1104 3436 benevolentiam.
1144 3362 1310 3445 Proinde,
1327 3363 1434 3434 abeo
1452 3364 1510 3434 die
1527 3366 1589 3434 vix
1606 3365 1802 3456 quidquam
1817 3367 1987 3460 gravioria

505 3516 622 3607 operia
645 3512 792 3585 molitus
817 3507 870 3584 est
891 3513 1011 3594 abbae,
1037 3513 1164 3604 inquo
1187 3508 1364 3582 censendo
1390 3511 1556 3582 dominus
1579 3511 1735 3584 Thomna
1758 3515 1891 3606 primas
1915 3537 1988 3586 non

506 3662 642 3734 tulerit.
695 3660 826 3753 Neque
844 3658 999 3730 obscurio
1025 3662 1256 3755 argumentis.
1275 3659 1353 3752 jam
1369 3657 1453 3743 sese,
1480 3658 1646 3751 quorsum
1670 3660 1887 3734 inclinatura
1902 3658 1988 3734 ell'et

443 3906 444 3910 Ἰ
508 3834 574 3894 res,
597 3811 780 3903 prodebat.
835 3807 931 3880 Nam
958 3807 1162 3880 Gulielmna
1185 3809 1295 3881 abbas
1319 3809 1415 3880 mole
1440 3811 1597 3902 corporis
1620 3821 1798 3905 maratus,
1816 3822 1860 3882 ut
1875 3814 1990 3906 impar

509 3955 595 4030 ellet
616 3960 714 4029 oneri
741 3956 897 4040 ferendo,
924 3958 961 4028 in
984 3957 1203 4029 nominando
1227 3953 1399 4029 lucellore
1423 3966 1523 4028 totus
1548 3966 1636 4030 erat.
1688 3959 1763 4030 Rea
1787 3959 1991 4032 versabatur

511 4109 548 4176 in
574 4107 751 4199 ambiguo,
782 4127 890 4197 quem
919 4101 1138 4197 potillimum
1169 4105 1354 4200 deligeret
1410 4104 1583 4190 Primum,
1615 4108 1872 4180 adhortabatur
1896 4111 1991 4180 vitae

510 4252 726 4334 institutum,
760 4261 803 4323 ut
836 4255 1007 4323 canonice
1040 4275 1061 4324 e
1094 4250 1290 4324 sanioribus
1324 4277 1437 4324 unum
1470 4257 1695 4326 nominaret:
1730 4253 1790 4327 sed
1823 4259 1879 4327 vir
1910 4281 1992 4350 pru·

513 4407 611 4486 dens,
637 4424 720 4474 cum
745 4399 1018 4472 inidoneitatem
1035 4401 1080 4471 ad
1096 4423 1174 4471 rem
1200 4409 1339 4472 tantam
1363 4399 1605 4490 sustinendam
1629 4404 1790 4473 omnium
1814 4401 1992 4475 seniorum

513 4555 662 4624 baberet
686 4548 915 4644 perspebtam,
933 4559 971 4621 et
994 4545 1246 4620 monasterium
1272 4548 1507 4643 dilapidatum
1524 4552 1568 4621 iri
1586 4546 1773 4622 clarillime
1789 4553 1938 4635 rideret
1956 4556 1992 4622 in

516 4702 700 4772 dominum
723 4699 897 4771 Thomam
922 4699 1044 4770 oculos
1069 4700 1258 4771 convertit.
1309 4699 1505 4770 Adornatio
1521 4702 1644 4792 itaque
1661 4701 1827 4772 omnibus
1842 4703 1881 4770 in
1898 4702 1994 4772 hunc

516 4849 619 4921 usum
644 4844 851 4932 necellariiu,
881 4871 958 4920 rem
987 4845 1251 4942 tranfigendam
1286 4846 1424 4919 Rornae
1454 4846 1655 4920 destinavit.
1705 4848 1764 4920 Ac
1791 4849 1996 4920 volentibus

519 4998 675 5089 Superio,
694 5019 799 5087 quam
826 4991 1105 5066 comniodillime
1132 4996 1298 5065 obvenit:
1329 4995 1598 5085 comprobatum
1617 4991 1669 5064 est
1691 4996 1787 5064 enirn
1806 4995 1995 5087 negocium
