4500 6100
508 794 552 859 82
975 784 1222 860 HISTORIA
1249 783 1506 858 ABBATUM

768 1169 978 1240 Aaronem
997 1190 1047 1240 on
1065 1190 1195 1241 nonen
1211 1190 1353 1240 nomm
1370 1169 1535 1239 Tnouan
1551 1168 1731 1238 Annrrra.

455 1522 460 1531 Ι
559 1429 613 1501 Ut
629 1450 686 1499 ree
703 1426 785 1499 sunt
801 1428 1008 1499 mortalium
1025 1428 1179 1523 fragiles,
1197 1431 1385 1523 cupiebam
1402 1428 1639 1499 tumultuario
1654 1427 1724 1497 hoc
1740 1448 1862 1497 rerum
1878 1424 1991 1521 gesta·

508 1602 588 1649 rum
613 1578 824 1672 compendio
850 1578 995 1649 domino
1019 1600 1100 1649 meo
1125 1576 1253 1650 seniori
1284 1580 1429 1650 domino
1448 1578 1607 1649 Thomae
1624 1572 1798 1669 Crystallo
1824 1577 1993 1649 abbatia

510 1726 661 1821 Kynloe,
675 1725 843 1799 Calendis
856 1725 880 1797 J
882 1728 1046 1809 anuariie,
1060 1724 1174 1797 veluti
1186 1722 1327 1798 strenae
1339 1722 1552 1796 munusculo
1563 1724 1776 1819 gratificari:
1803 1747 1888 1795 ecce
1901 1745 1993 1816 quae

510 1896 694 1967 nunquam
717 1897 790 1945 non
816 1871 923 1955 adest,
950 1870 1109 1944 nostmm
1127 1882 1298 1945 conatum
1315 1874 1511 1945 antevertit
1530 1894 1636 1943 more.
1687 1870 1810 1942 Homo
1827 1883 1905 1943 erat
1916 1874 1993 1964 jam

511 2024 691 2117 vergentis
724 2022 863 2103 aetatis,
899 2028 937 2091 et
970 2019 1138 2113 superiori
1165 2016 1299 2091 aestate
1330 2023 1368 2091 in
1392 2044 1521 2112 aquam
1546 2023 1763 2091 intercutem
1788 2021 1993 2103 deciderat3

513 2170 572 2241 sed
598 2192 706 2263 opera
730 2168 951 2240 medicorum
967 2164 1031 2239 fibi
1049 2178 1233 2261 utcunque
1258 2168 1429 2250 redditus,
1454 2176 1615 2239 tumores
1637 2176 1782 2239 tantum
1806 2170 1940 2262 pedum
1955 2180 1995 2239 et

491 2316 668 2389 'crurium
692 2318 906 2411 patiebatur.
958 2318 1015 2389 Ao
1033 2315 1111 2411 spes
1128 2326 1206 2389 erat
1222 2339 1307 2389 eum
1331 2317 1467 2388 diutius
1484 2317 1670 2400 vittarum,
1697 2325 1735 2388 et
1758 2320 1870 2389 vitam
1895 2342 1995 2410 para·

513 2464 576 2559 lysi
600 2468 796 2539 finiturum.
858 2466 998 2539 Verum
1024 2467 1130 2537 aliter
1154 2465 1270 2537 multo
1295 2469 1427 2536 evenit.
1489 2465 1611 2550 Quum
1636 2466 1820 2537 bominem
1843 2468 2025 2560 puderet.

513 2616 609 2687 illins
638 2617 799 2697 tumoris,
833 2625 1063 2709 procuratum
1088 2610 1141 2685 est
1165 2614 1215 2685 'ab
1244 2616 1368 2685 amicis
1398 2622 1441 2684 ut
1465 2576 1627 2684 medicae
1655 2616 1743 2684 artie
1767 2616 1996 2707 peritioribus

514 2764 598 2834 viris
627 2761 702 2835 sese
728 2765 982 2835 committeret.
1034 2762 1190 2833 Suorum
1220 2763 1331 2854 igitur
1354 2762 1502 2833 hortatu
1527 2763 1643 2831 virum
1668 2762 1911 2853 percelebrem
1939 2762 1994 2833 M.

516 2910 673 2983 Hectora
690 2909 886 2983 Boethium
904 2906 1001 2981 adse
1019 2912 1179 2981 vocavit:
1205 2912 1266 3000 qui
1283 2932 1367 2979 curn
1384 2904 1611 3001 perspexisset
1626 2904 1774 3002 singule,
1792 2932 1858 2982 nec
1884 2910 1996 2982 ullam

514 3056 753 3132 restituendae
769 3055 931 3131 sanitatis
948 3055 1046 3150 spem
1072 3057 1288 3152 agnosceret,
1309 3067 1351 3129 nt
1377 3067 1522 3152 aegroto
1538 3067 1662 3128 tamen
1686 3082 1729 3130 ac
1751 3059 1849 3130 illius
1873 3063 1996 3131 amicis

515 3207 634 3298 eliqua
651 3215 815 3299 exparte
832 3228 969 3276 morem
985 3213 1136 3298 gereret,
1153 3205 1306 3297 paucula
1322 3207 1497 3297 quaedem
1514 3205 1639 3277 morbo
1655 3203 1833 3299 aptiffima
1848 3209 1996 3280 tradidit

517 3353 743 3426 observanda
795 3349 947 3434 Frustra,
965 3354 1135 3422 nimirum
1147 3348 1513 3447 frustra31quippesrc
1530 3357 1689 3426 irritatus
1706 3357 1861 3440 morbus,
1880 3365 1997 3426 tumo-

517 3527 592 3574 rem
613 3503 716 3572 illum
734 3503 890 3573 crurium
916 3502 959 3572 ad
976 3498 1172 3593 superiores
1197 3511 1316 3594 partes
1333 3512 1371 3574 et
1388 3511 1551 3573 ventrem
1576 3505 1765 3595 promovit.
1817 3504 1861 3575 Id
1886 3527 1998 3597 quum

517 3647 672 3722 rescisset
697 3652 866 3732 medicus,
884 3649 1090 3722 foeculenta
1106 3651 1347 3742 duritiemque
1363 3651 1456 3723 alvei
1479 3647 1688 3743 clysteribus
1705 3659 1743 3722 et
1760 3649 1997 3745 suppositoriis

379 3775 384 3784 ⁸
457 3827 459 3830 ·
518 3799 670 3872 educere
687 3800 855 3870 tentavit.
908 3797 989 3870 Nec
1007 3799 1133 3869 itidem
1150 3801 1218 3870 hoc
1233 3801 1338 3891 patto
1357 3793 1528 3869 succeffit.
1579 3796 1678 3870 Nam
1701 3823 1744 3869 ea
1768 3801 1882 3882 node,
1908 3822 1999 3891 quae

518 3945 679 4040 sequitur
703 3957 881 4038 quartum,
900 3947 1141 4019 Calendarum
1157 3945 1330 4030 Januarii,
1346 3947 1434 4018 hora
1450 3948 1564 4018 ferme
1580 3949 1771 4019 undecima
1786 3950 1825 4018 in
1840 3945 1903 4019 sua
1919 3971 1998 4018 arce

521 4094 719 4188 Strathilly‚
737 4097 850 4166 vitam
867 4103 982 4167 morte
999 4098 1053 4165 vir
1069 4098 1227 4188 optimus
1244 4096 1410 4166 dominus
1425 4095 1580 4166 Thomas
1597 4097 1842 4167 commutavit.

572 4241 655 4324 Sed,
672 4250 715 4312 ut
731 4243 860 4312 rectius
885 4242 1065 4334 intelligat
1082 4242 1236 4313 hominis
1260 4245 1434 4335 pietatem
1460 4241 1617 4334 quisquis
1633 4239 1700 4314 ista
1715 4243 1822 4336 leget,
1848 4244 2000 4336 paucula

521 4393 579 4462 hic
597 4391 898 4482 quemadmodum
915 4387 997 4459 sunt
1014 4385 1114 4483 gesta
1130 4389 1244 4460 literis
1261 4385 1555 4483 consignabimue

573 4539 618 4610 In
631 4541 763 4632 primis,
777 4536 912 4608 solicite
926 4539 1001 4632 egit
1018 4546 1060 4608 ut
1078 4537 1211 4631 populo
1223 4534 1288 4609 fibi
1305 4533 1486 4608 commisso
1502 4539 1540 4608 in
1557 4561 1631 4608 uua
1647 4546 1756 4629 atque
1773 4536 1887 4608 altera
1901 4539 2000 4608 baro-

524 4689 583 4758 nia
596 4685 798 4780 priusquam
811 4709 831 4758 e
846 4688 935 4757 vivis
948 4687 1102 4768 cederet,
1117 4687 1210 4757 foret
1223 4683 1436 4758 consultum.
1476 4685 1601 4757 Multa
1618 4688 1664 4758 de
1676 4683 1738 4757 suo
1755 4709 1875 4757 annuo
1886 4685 1999 4768 censu,

525 4855 588 4925 per
604 4829 769 4926 singulos,
786 4835 824 4903 in
841 4841 1055 4926 perpetuum
1073 4827 1214 4916 dimisit,
1233 4843 1270 4903 et
1286 4831 1365 4904 aliie
1382 4831 1558 4925 plerisque
1575 4833 1724 4926 largitus
1742 4829 1796 4903 cst
1812 4835 1918 4905 varia

574 4979 715 5050 Deinde
733 4979 836 5052 Pauli
854 4982 952 5050 tertii
972 4979 1160 5052 Pontificio
1185 4977 1312 5050 summi
1338 4979 1496 5073 diploma
1520 4980 1607 5072 (quo
1633 4981 1827 5051 cavebatur
1851 4992 1894 5052 ut
1919 5004 2002 5052 exo-
