4500 6100
405 1783 704 1853 REVERENDO
743 1785 797 1850 IN
836 1783 1045 1850 CHRISTO
1079 1783 1228 1850 PATRI
1268 1785 1463 1851 DOMINO
1502 1783 1725 1850 ROBERTO

410 1921 527 1990 REID
554 1921 735 1988 ABBATI
763 1919 1119 1988 CISTERCIENSIS
1146 1921 1386 1988 FAMILIAE
1419 1920 1724 1988 MONASTERII

409 2056 473 2123 DE
522 2057 727 2138 KYNLOS,
780 2056 1063 2125 ΜΕΟΑΕΝΑΤΙ
1116 2056 1207 2124 SUO
1259 2057 1720 2138 OBSERVAN'I'ISSIMO,

407 2193 625 2262 JOANNES
648 2194 922 2262 FERRERIUS
945 2195 1357 2280 ΡΕΒΕΜΟΝΤΑΝΠΒ,
1380 2199 1414 2263 S.

329 2484 377 2556 Is
394 2487 492 2556 omni
517 2485 703 2558 literarum
719 2494 758 2558 et
773 2481 972 2558 studiorum
991 2507 1134 2580 genere,
1161 2486 1357 2559 Meceenes
1379 2481 1608 2569 ornatissime,
1625 2484 1766 2578 semper

279 2633 509 2727 spettandum
526 2633 589 2719 est,
607 2644 650 2706 ut
666 2635 864 2707 multorum
876 2635 1196 2708 commoditatibus
1208 2633 1422 2709 consuletur.
1457 2635 1518 2708 Ite
1526 2634 1627 2729 leges
1640 2657 1765 2706 omnes

279 2792 317 2853 et
333 2785 425 2856 ritus
441 2784 606 2876 denique,
619 2786 665 2857 ad
682 2793 850 2857 mutuum
876 2785 1033 2859 officinm
1049 2793 1087 2856 et
1105 2805 1251 2878 operam
1275 2785 1480 2856 bominibus
1503 2778 1763 2878 praestandam,

277 2932 442 3004 homines
458 2931 636 3008 solicitare
652 2935 826 3007 videmus.
878 2933 929 3006 Et
945 2931 1020 3007 fine
1037 2935 1102 3018 bis,
1120 2957 1195 3006 non
1212 2933 1409 3008 coalescere
1426 2932 1670 3028 Respublicas,
1686 2943 1764 3005 tam

277 3084 315 3152 iu
332 3090 457 3175 aperto
474 3081 537 3169 est,
555 3093 597 3155 ut
614 3084 723 3157 nullis
740 3095 846 3181 egeat
868 3086 1149 3180 probationibus.
1200 3085 1320 3158 Dulce
1337 3082 1469 3176 (nescio
1487 3086 1588 3180 quid)
1605 3087 1645 3156 in
1661 3086 1764 3156 nobie

282 3227 410 3302 insevit
428 3241 566 3317 natura,
583 3233 630 3304 od
648 3235 810 3327 petriam.
829 3242 1006 3328 parentes,
1028 3236 1171 3319 amicos,
1195 3256 1344 3325 remque
1368 3230 1524 3305 nostrum
1550 3232 1762 3305 familiarem

277 3380 556 3472 gubcmmdnm
573 3389 617 3454 ut
634 3384 747 3455 vitem
763 3381 910 3455 illorum
925 3392 1097 3478 putemus
1114 3384 1280 3457 acerbam
1297 3386 1359 3475 qui
1375 3380 1540 3455 recusant
1553 3382 1612 3454 vel
1628 3404 1763 3473 neque-

278 3537 345 3597 unt
367 3528 423 3599 bis
450 3528 642 3622 aliquando
668 3532 835 3604 omnibus
860 3531 1046 3605 consulere
1072 3536 1110 3603 iu
1136 3534 1329 3604 communi.
1379 3531 1517 3604 contra
1540 3540 1674 3614 antem,
1701 3552 1762 3599 eos

277 3676 464 3752 laudemus
493 3647 854 3774 cuminariffime‘qui
880 3704 945 3776 pro
973 3683 1030 3753 bis
1054 3680 1199 3754 tuendis
1225 3704 1299 3752 uon
1322 3676 1406 3751 sunt
1429 3680 1628 3752 identidem
1654 3680 1761 3749 veriti

276 3822 485 3920 sanguinem
500 3822 604 3899 suum
620 3827 814 3901 effundere.
867 3829 928 3902 Sic
945 3831 1042 3901 enim
1059 3832 1239 3902 retinetur
1255 3827 1491 3921 Reipublicae
1507 3826 1760 3920 tranquillitas,

275 3974 416 4065 quando
446 3972 752 4049 consentientibus
779 3978 1007 4072 opinionibus
1035 4001 1109 4051 una
1135 3956 1493 4063 omnee'commune
1521 3978 1658 4049 bonnm
1687 4000 1761 4047 nou

274 4120 388 4195 solum
411 4120 619 4217 spestemus,
647 4125 842 4199 sedetiam
867 4149 931 4222 pro
957 4128 1093 4200 viribus
1112 4128 1241 4221 juvare
1265 4128 1528 4201 contendimus.
1580 4124 1761 4223 Sateguut

274 4270 394 4369 Reges
409 4282 582 4369 tanquam
598 4280 775 4373 principes
792 4274 1103 4371 moderatoresque
1119 4279 1316 4361 bominum,
1330 4277 1389 4350 vel
1406 4300 1532 4372 pacem
1545 4279 1639 4349 tueri
1653 4299 1760 4369 qnam

274 4422 420 4507 babent,
450 4426 511 4497 vel
538 4422 728 4498 restituere
756 4424 957 4521 collapsam,
992 4450 1063 4519 qno
1096 4425 1198 4517 locus
1225 4420 1271 4498 fit
1300 4422 1570 4499 administrandi
1596 4420 1760 4517 justitiae

273 4590 382 4661 qnam
410 4568 595 4645 obscurare
615 4574 675 4646 vel
702 4573 822 4666 potius
846 4574 976 4645 tollere
1001 4583 1152 4647 conetur
1177 4574 1357 4646 bellorum
1383 4570 1586 4644 inconsulta
1609 4573 1760 4653 vanites,

274 4726 312 4787 et
342 4720 467 4791 mnndi
500 4716 687 4793 diffidium.
739 4720 947 4795 Secundum
977 4722 1095 4816 Reges
1125 4720 1208 4793 sunt
1240 4717 1467 4815 magistratus
1501 4722 1761 4813 civitatumque
1865 4773 1870 4783 .

273 4866 451 4958 praefeci,
468 4890 532 4961 per
548 4888 637 4961 quos
654 4870 747 4941 bene
763 4866 902 4941 habent
915 4863 1054 4963 singulo
1071 4868 1306 4961 Reipublicae
1329 4869 1502 4953 membra,
1519 4868 1617 4940 unde
1642 4878 1762 4941 totum

274 5038 401 5111 corpus
436 5016 611 5091 coelescit.
666 5016 725 5091 Ac
763 5042 809 5091 ue
847 5018 938 5089 irriti
963 5013 1034 5089 siut
1067 4997 1218 5089 conatus
1250 5039 1335 5089 cum
1366 5014 1646 5111 magistratuum
1680 5025 1761 5086 tum
