4500 6100
451 808 498 881 74
924 799 1174 875 HISTORIA
1199 800 1456 875 ABBATUM

451 1005 581 1068 vocant
605 994 873 1091 goubbelcttos)
891 998 1029 1081 dicere3
1055 1000 1119 1070 uni
1145 998 1257 1070 etiam
1290 998 1419 1069 horum
1446 996 1611 1069 additum
1636 992 1689 1067 est
1712 996 1929 1089 operculum

451 1143 553 1214 Emit
570 1166 713 1237 quoquc
729 1141 882 1217 salinum
899 1154 1118 1261 argenteum,
1136 1168 1180 1217 ac
1196 1146 1346 1239 triginta
1361 1146 1521 1238 quinque
1536 1142 1745 1215 cochlearia

500 1288 644 1375 Rursus,
669 1293 716 1364 ud
745 1291 871 1385 templi
897 1302 1073 1377 ornatum,
1099 1294 1171 1365 tria
1194 1292 1406 1365 candelabra
1431 1314 1479 1364 ex
1503 1290 1705 1364 aurichalco
1728 1291 1930 1363 incredibili

452 1461 558 1532 opere
575 1440 746 1523 consede,
769 1462 899 1533 magno
916 1462 999 1511 nere
1015 1440 1192 1524 redemit;
1226 1462 1378 1533 quorum
1404 1439 1475 1510 duo
1497 1433 1670 1510 adinstar
1684 1437 1931 1510 columnarum
2033 1523 2039 1536 Ι

451 1586 605 1659 formata
631 1583 849 1679 sculptarum
875 1589 1038 1681 proxime
1067 1589 1113 1660 ad
1141 1586 1316 1659 summum
1345 1610 1443 1661 aram
1467 1586 1621 1669 locavit;
1654 1588 1803 1657 tertium
1829 1608 1923 1668 vero,

452 1734 548 1826 quod
564 1730 618 1805 est
634 1737 672 1805 in
689 1736 847 1826 quinque
865 1731 1048 1807 dissedum
1064 1736 1210 1808 brachia
1225 1732 1299 1807 sire
1314 1756 1432 1807 ramos
1450 1731 1637 1827 (paschale,
1656 1734 1692 1804 id
1708 1746 1840 1805 vocant
1856 1734 1934 1804 vul-

451 1885 568 1978 gares)
593 1886 632 1955 iu
655 1884 784 1955 faciem
814 1883 912 1954 chori
941 1885 987 1955 od
1015 1884 1167 1978 gradum
1196 1883 1259 1955 ubi
1288 1880 1474 1976 epistolam
1505 1882 1663 1953 concinit
1687 1879 1932 1965 subdiaconus,

452 2032 540 2123 erigi
565 2032 713 2101 curavit.
764 2028 865 2100 Emit
890 2038 929 2101 et
954 2031 1025 2100 duo
1050 2030 1120 2103 alie
1143 2025 1292 2123 pensilia
1315 2029 1548 2113 candelabra;
1571 2052 1725 2123 quorum
1749 2052 1863 2101 unum
1887 2032 1933 2102 ad

452 2176 581 2247 summi
598 2177 720 2250 altoris
745 2178 926 2260 fornicem,
953 2177 1106 2250 alterum
1123 2178 1162 2248 in
1180 2198 1312 2271 magno
1337 2176 1477 2248 abbatis
1501 2177 1676 2259 cubiculo,
1701 2200 1799 2249 nunc
1823 2180 1933 2256 ctiam

453 2325 661 2419 propendet.
713 2324 758 2395 In
775 2326 864 2395 turri
881 2332 1005 2396 autem
1024 2347 1286 2418 campanarum,
1312 2332 1387 2396 tres
1402 2327 1524 2418 magni
1548 2325 1716 2417 ponderis
1732 2348 1800 2397 nec
1816 2328 1934 2399 minus

452 2473 594 2545 sonoras
611 2496 801 2567 campanae
817 2471 1004 2567 apposuit;
1029 2474 1155 2545 harum
1172 2476 1319 2545 nomina
1335 2472 1427 2556 sunt,
1444 2488 1488 2543 ut
1504 2470 1686 2566 inscriptio
1698 2470 1782 2545 satio
1796 2475 1932 2557 edocet,

454 2620 583 2704 Maria,
596 2620 716 2705 Anna,
734 2630 772 2692 et
786 2619 1039 2713 Hieronymus.
1079 2620 1192 2691 Dedit
1209 2631 1247 2692 et
1264 2630 1439 2692 catanam
1455 2616 1603 2691 siverat
1617 2620 1872 2713 perpulchrum
1888 2646 1934 2692 ex

453 2769 654 2841 aurichalco
679 2771 718 2841 in
742 2765 845 2840 usum
871 2766 1024 2839 lustralis
1040 2790 1153 2859 aquae
1170 2778 1209 2838 et
1225 2770 1434 2840 benedittae
1458 2766 1761 2839 circumferendae
1784 2791 1868 2841 cunr
1883 2768 1936 2841 as-

454 2912 617 3009 persorio.
668 2916 781 2988 Dedit
798 2925 836 2989 et
852 2918 923 2987 duo
940 2917 1039 3009 paria
1055 2938 1268 3011 organorum
1291 2909 1537 2997 musicalium
1562 2915 1650 2985 duae
1675 2938 1817 3008 quoque
1833 2914 1936 2989 sellua

454 3062 515 3134 seu
527 3064 722 3147 cathedrae,
736 3064 866 3156 quibua
879 3073 1005 3135 canter
1016 3072 1055 3134 et
1066 3061 1253 3135 succentor
1268 3063 1367 3134 chori
1379 3063 1506 3134 diebus
1516 3059 1718 3134 sermonum
1730 3061 1933 3136 insiderent.

506 3209 594 3280 Non
611 3206 664 3280 est
679 3210 979 3303 praetereundum
996 3207 1139 3282 silentio
1161 3232 1232 3302 quo
1256 3212 1360 3303 putto
1376 3212 1538 3283 tabulam
1555 3207 1725 3284 statuaria
1736 3221 1775 3283 et
1790 3214 1937 3306 pittoria

457 3368 534 3430 arte
551 3360 758 3431 deauratam
775 3360 812 3429 in
825 3357 954 3430 sacello
966 3357 1083 3428 Divae
1097 3357 1259 3451 Virginis
1276 3367 1314 3429 et
1328 3357 1460 3430 Matris
1476 3360 1572 3453 apud
1585 3358 1726 3452 Kyulor
1742 3359 1934 3432 collocarit.

458 3497 529 3578 Iti
533 3507 661 3578 melius
679 3505 885 3601 intelligent
907 3503 1047 3599 posteri,
1066 3528 1173 3598 quarn
1189 3514 1397 3599 promptum
1414 3503 1459 3576 sit
1475 3507 1696 3592 benefacere,
1723 3505 1846 3600 siquis
1862 3510 1937 3580 ani·

457 3679 557 3728 mum
579 3656 775 3728 intenderit
791 3650 913 3736 suum;
940 3649 1122 3738 ediverso,
1141 3655 1203 3746 qui
1227 3655 1346 3724 ocium
1370 3651 1658 3736 1080001111,οω
1675 3653 1766 3727 nihil
1782 3656 1937 3729 audeaut

412 3879 413 3882 ,
458 3807 589 3900 magni,
606 3803 733 3876 saltem
750 3805 905 3896 optimos
921 3811 960 3873 et
976 3802 1022 3873 ad
1038 3797 1278 3874 honestissima
1293 3823 1455 3893 quaeque
1471 3802 1632 3873 intentos
1644 3805 1738 3874 viror
1753 3800 1816 3875 sua
1831 3804 1937 3876 laude

459 3975 532 4022 non
557 3952 783 4023 fraudabant.
843 3948 1070 4021 Consecrant
1095 3951 1206 4042 igitur
1221 3947 1401 4040 Deiparae
1419 3947 1562 4042 Virgini
1586 3949 1748 4022 tabulam
1772 3953 1937 4023 omnibus

461 4100 618 4170 numeris
636 4101 692 4188 (ut
709 4099 830 4169 videre
848 4093 914 4192 est)
932 4091 1320 4168 commendatissimum.
1372 4095 1422 4166 Et
1447 4093 1605 4188 ejusdem
1631 4099 1747 4191 operis
1763 4100 1937 4169 minorem

463 4247 589 4332 multo,
619 4248 658 4317 in
692 4244 822 4316 sacello
855 4241 907 4314 sui
932 4242 1128 4315 ambulacri
1165 4241 1337 4314 tabellam
1366 4244 1411 4313 ad
1444 4239 1546 4314 usum
1574 4245 1735 4337 privatae
1767 4247 1937 4316 orationis

461 4393 626 4490 reposuit.
676 4392 839 4465 Advexit
856 4413 997 4484 quoque
1012 4387 1148 4462 statuae
1164 4399 1238 4462 trec
1262 4391 1455 4462 admodum
1472 4387 1659 4475 venustum
1685 4414 1795 4464 unam
1812 4393 1938 4464 Serva-

462 4497 560 4627 toris,
578 4565 685 4636 quarn
711 4541 898 4612 columnae
915 4542 1022 4612 turris
1039 4560 1292 4632 campanarum
1308 4535 1498 4610 adsummi
1517 4538 1641 4610 altaria
1663 4540 1828 4611 dextram
1844 4541 1938 4633 adje-

465 4695 539 4776 cit3
564 4690 714 4764 alteram
739 4689 812 4760 divi
829 4687 1053 4780 Hieronymi,
1070 4709 1179 4780 quam
1203 4682 1361 4757 sinistrae
1383 4685 1572 4758 columnae
1594 4710 1616 4758 e
1637 4689 1784 4781 regione
1808 4683 1938 4760 Christi

467 4835 621 4909 stantem
645 4837 825 4920 admovit;
859 4838 1005 4909 tertiam
1022 4859 1105 4908 vero
1127 4835 1231 4906 divae
1247 4833 1387 4917 Annae,
1404 4836 1444 4905 in
1459 4831 1589 4906 sacello
1603 4837 1766 4929 proxime
1789 4837 1837 4908 ad
1860 4857 1939 4928 por·

467 4997 542 5059 tam
567 4985 738 5076 majorem
763 4984 977 5077 templique
995 4991 1097 5077 parte
1113 4979 1167 5054 est
1183 4983 1222 5053 in
1237 4979 1518 5075 septentrionem
1542 4980 1752 5076 prospetlur,
1772 4980 1938 5077 reposuit,
