4500 6100
508 784 554 849 52
980 771 1231 847 HISTORIA
1255 773 1514 847 ABBATUM

505 972 606 1043 aium
619 968 835 1041 monaahum
848 968 987 1041 Relloei
1003 967 1247 1063 responderim
1259 992 1270 1052 ;
1285 992 1371 1042 nam
1388 969 1654 1043 diseedentibna
1669 992 1718 1041 ex
1729 968 1874 1063 Kynloa
1886 974 1985 1065 qnin-

507 1144 577 1213 que
593 1122 775 1194 monachis
804 1120 901 1193 illius
917 1118 997 1203 loei,
1024 1122 1085 1212 qui
1103 1121 1178 1191 sere
1194 1120 1390 1191 triennium
1415 1118 1475 1189 bie
1491 1139 1551 1189 me
1567 1118 1751 1213 legentem
1766 1120 1986 1203 audiverant,

507 1290 579 1339 non
596 1264 675 1339 sum
701 1264 816 1360 passus
834 1264 908 1339 fine
924 1266 1061 1359 aliquot
1078 1264 1249 1339 libellulis
1263 1266 1355 1337 meie
1371 1266 1562 1337 indonatus
1580 1265 1702 1349 abire3
1731 1273 1872 1337 aetum
1896 1267 1986 1339 sorte

508 1414 689 1485 extulerat
704 1414 790 1487 hine
805 1412 971 1485 Adamas
997 1412 1108 1485 Eldar
1123 1414 1216 1484 vitm
1240 1411 1437 1495 Plutarehi,
1463 1434 1555 1504 qnae
1580 1413 1627 1485 ad
1650 1434 1711 1485 me
1735 1414 1985 1507 pertinebant;

507 1557 624 1655 scripsi
643 1562 688 1633 ad
705 1561 809 1634 illum
827 1571 869 1633 ut
885 1562 941 1633 bia
957 1564 1048 1633 meis
1073 1559 1296 1633 auditoribus
1316 1558 1552 1633 Plutarchum
1576 1582 1699 1631 meum
1724 1584 1833 1653 quem
1858 1584 1906 1635 ex
1930 1584 1986 1634 me

508 1710 602 1780 dono
619 1707 832 1802 accepissent
848 1710 1033 1792 abeuntes,
1050 1710 1167 1803 primo
1184 1730 1326 1800 qnoque
1351 1715 1513 1802 tempore
1537 1707 1728 1792 redderet3
1752 1711 1851 1800 qnod
1867 1719 1987 1783 tamen

507 1853 683 1930 reeusarit
695 1857 813 1929 faeere
830 1856 952 1928 dieenr
976 1878 1023 1927 ne
1048 1856 1180 1927 librum
1199 1855 1346 1947 quidem
1361 1876 1474 1925 unum
1495 1877 1555 1926 me
1579 1851 1751 1947 possidere
1768 1858 1831 1949 qui
1855 1881 1929 1931 non
1945 1855 1988 1930 fit

508 2028 554 2075 ex
572 2027 654 2080 aere
669 2002 838 2076 Abbatia.
888 2002 932 2074 Id
958 2024 1041 2074 eum
1065 1999 1110 2073 srt
1134 2024 1200 2095 per
1223 1998 1260 2073 se
1284 1997 1514 2085 falfifflmum,
1539 2026 1587 2073 ne
1603 2002 1695 2075 aliua
1710 2004 1807 2077 forte
1823 2006 1869 2076 ad
1893 2006 1988 2077 hune

507 2152 662 2244 lapidem
679 2151 925 2244 imprudenter
945 2150 1131 2243 impingat,
1153 2172 1226 2220 non
1242 2151 1416 2244 gravabor
1440 2172 1520 2221 eam
1545 2159 1685 2243 partem
1701 2173 1804 2223 meae
1820 2152 1988 2246 epistolae

508 2298 566 2369 hie
583 2305 747 2370 attexere
763 2320 834 2390 qua
851 2294 984 2369 Adami
1002 2296 1199 2369 calumniae
1216 2297 1336 2380 dilu03
1362 2320 1406 2369 ea
1421 2293 1475 2367 est
1489 2320 1583 2389 quae
1598 2295 1829 2389 seqnitur:-

558 2444 666 2530 Quod
689 2442 810 2516 seribia
836 2446 881 2515 de
898 2445 1044 2516 domino
1070 2443 1215 2515 Adamo
1241 2441 1352 2515 Eldar
1380 2466 1454 2515 non
1479 2444 1638 2516 multum
1661 2448 1791 2530 miror3
1817 2448 1988 2541 putabam

508 2602 631 2665 tamen
647 2616 713 2686 per
727 2590 832 2664 husee
850 2593 926 2663 dies
943 2593 1072 2684 quibua
1090 2614 1221 2683 aquam
1238 2600 1342 2684 potat
1358 2598 1397 2662 et
1413 2589 1480 2674 lae,
1498 2614 1582 2662 eum
1598 2593 1718 2663 minua
1735 2588 1904 2685 desipere,
1929 2594 1989 2667 sed

509 2743 628 2839 pergit
645 2742 718 2824 ille,
745 2748 787 2811 ut
817 2740 931 2823 video,
961 2737 1100 2833 semper
1125 2736 1179 2809 sui
1207 2735 1341 2811 similia
1408 2736 1679 2833 Argumentum
1707 2761 1778 2832 qno
1802 2737 1840 2812 se
1872 2746 1990 2815 munit

510 2902 634 2966 eontra
649 2890 758 2961 libros
784 2910 894 2972 meos,
921 2883 1043 2958 slmilia
1060 2883 1113 2959 est
1132 2888 1230 2981 genii
1255 2908 1337 2957 eum
1361 2886 1518 2969 bomine,
1543 2886 1612 2958 boe
1637 2883 1700 2970 est,
1726 2887 1892 2973 elumbe;
1917 2914 1988 2963 non

510 3044 607 3114 enim
619 3046 809 3134 propterea
824 3036 866 3108 fit
878 3046 920 3109 ut
937 3035 1019 3108 libri
1032 3030 1101 3106 srnt
1114 3034 1262 3108 alteriue
1273 3033 1369 3126 quod
1379 3033 1453 3106 tale
1466 3057 1599 3106 nomen
1608 3034 1808 3128 praefixum
1820 3036 1986 3123 babeant,

458 3225 461 3230 ·
509 3211 617 3282 quem
634 3187 679 3258 ad
692 3185 840 3256 modum
857 3193 894 3254 et
911 3192 950 3254 te
972 3206 1054 3254 cum
1069 3182 1216 3276 collegis
1229 3183 1380 3253 tuisboe
1390 3183 1465 3253 fere
1478 3183 1633 3254 triennio
1649 3184 1798 3276 gerebas
1810 3185 1988 3258 cucullam

510 3330 740 3409 cisterciensis
758 3331 900 3415 ordinis,
924 3353 1007 3402 eum
1023 3341 1148 3402 tamen
1171 3326 1328 3402 diversae
1344 3327 1391 3401 fis
1406 3327 1649 3422 profeffionie3
1674 3331 1770 3403 bona
1794 3335 1892 3406 enim
1908 3359 1988 3428 para

510 3485 683 3556 librorum
707 3481 817 3552 habet
845 3501 979 3550 nomen
994 3479 1154 3552 'lbomae
1178 3478 1319 3550 abbatie
1344 3477 1491 3550 affixum
1515 3503 1580 3572 per
1604 3480 1791 3551 dominum
1811 3481 1988 3556 Jaeobum

510 3634 616 3716 Pont,
634 3653 716 3702 eum
733 3651 857 3701 revera
873 3623 942 3700 smt
959 3628 1097 3700 abbatie
1115 3626 1277 3699 Roberti.
1321 3623 1464 3696 Falsum
1481 3629 1580 3698 enirn
1595 3623 1649 3698 est
1665 3629 1761 3720 quod
1777 3652 1902 3704 omnes
1918 3630 1988 3704 sint

509 3781 686 3873 redempti
712 3801 794 3852 aere
819 3777 967 3858 abbatis,
1002 3797 1085 3848 eum
1110 3783 1305 3868 antequam
1329 3771 1417 3846 esset
1440 3775 1530 3846 mihi
1559 3777 1605 3848 de
1630 3776 1722 3848 faeie
1745 3788 1854 3850 notua
1878 3783 1986 3854 abbae

509 3929 709 4022 complures
724 3926 911 3997 habuerim
929 3923 1098 3996 Lutetiae
1115 3923 1233 4005 libros,
1252 3930 1291 3993 et
1306 3922 1428 4015 plures
1444 3923 1631 3994 intulerim
1648 3927 1686 3995 in
1704 3923 1864 3998 Sentium
1874 3932 1987 4020 primo

510 4100 592 4147 meo
618 4075 777 4146 adventu
801 4094 908 4166 quam
926 4071 1034 4143 abbae
1051 4069 1148 4164 ipse;
1177 4093 1319 4141 aecum
1337 4067 1494 4142 versarer
1509 4073 1547 4141 in
1563 4071 1646 4144 aula
1670 4095 1743 4143 non
1768 4097 1901 4167 paucos
1917 4080 1988 4150 emi

510 4247 592 4296 meo
625 4243 707 4294 aere
744 4219 972 4312 Edinburgi3
1010 4216 1189 4311 postremo
1225 4227 1305 4288 toto
1343 4209 1576 4308 quadriennio¹
1611 4221 1685 4292 fere
1718 4233 1807 4312 quot
1839 4229 1988 4298 emerim

511 4366 652 4443 Parisiis
668 4367 775 4439 multi
792 4363 874 4437 sunt
891 4361 1000 4436 testes
1017 4368 1056 4436 in
1072 4363 1216 4458 Kynloe
1233 4367 1294 4458 qui
1312 4366 1480 4436 viderunt
1496 4389 1586 4459 quos
1602 4370 1640 4438 in
1657 4366 1813 4440 seeundo
1829 4373 1986 4446 adventu

510 4541 652 4590 meeum
669 4515 885 4602 advenerim,
911 4513 1006 4606 qnod
1023 4509 1050 4582 fi
1067 4513 1163 4584 redte
1178 4510 1350 4606 supputes
1374 4515 1522 4587 dimidia
1537 4515 1613 4587 sere
1629 4539 1710 4609 pars
1726 4539 1809 4589 mea
1830 4515 1883 4590 est
1906 4543 1987 4594 meo

511 4667 697 4758 redempto
714 4686 816 4746 aere;
833 4661 994 4754 uunquid
1011 4683 1085 4732 non
1101 4656 1156 4731 est
1171 4682 1294 4731 meum
1311 4683 1372 4732 aee
1385 4663 1482 4754 quod
1497 4663 1606 4735 habui
1623 4673 1709 4736 ante
1725 4668 1912 4760 eognitum
1927 4671 1988 4742 ab·

512 4811 660 4884 batem?
687 4810 744 4882 vel
761 4812 881 4904 paravi
898 4805 1021 4902 postea
1045 4809 1136 4879 meis
1159 4805 1369 4880 sudoribus?
1406 4808 1554 4882 Bestius
1577 4809 1661 4882 sunt
1684 4808 1754 4885 ista
1776 4811 1988 4907 possefflonia

414 5035 420 5046 ‚
457 5017 462 5030 .
510 4983 613 5032 meae
630 4979 737 5050 quam
754 4955 807 5030 est
823 4913 923 5050 qnos
935 4956 1099 5056 Adamua
1115 4956 1309 5028 divenditis
1326 4956 1487 5028 caulibus
1505 4954 1569 5028 srbi
1586 4961 1712 5060 crediti
1728 4961 1824 5032 horti
1841 4963 1987 5063 adaptat
