4500 6100
986 788 1234 863 HISTORIA
1260 788 1523 863 ABBA'I'UM

563 988 669 1069 Item,
688 986 794 1059 villae
811 1010 833 1059 a
851 984 1041 1069 Frefeilde,

564 1135 669 1217 Item,
688 1158 710 1206 a
726 1133 955 1219 Dundurcus,

563 1281 671 1367 Item,
689 1283 735 1357 ab
751 1280 901 1355 ecclesia
916 1281 1047 1355 Ellone
1047 1332 1614 1366 ......
1715 1278 1830 1351 Maro.
1851 1285 1934 1351 252.

564 1431 671 1515 Item,
688 1431 734 1503 ab
752 1426 900 1502 ecclelia
917 1430 1071 1503 Awaoht
1071 1481 1613 1513 ......
1713 1426 1829 1501 Marc.
1848 1435 1905 1507 72.

565 1579 611 1650 In
626 1578 755 1673 granis,
774 1602 794 1649 e
811 1578 958 1651 baronia
973 1602 995 1651 a
1012 1577 1164 1672 Kynlos
1275 1630 1284 1647 .
1335 1576 1483 1649 Celdras
1502 1576 1560 1666 (ut
1577 1578 1722 1671 vocant)
1740 1583 1773 1660 8,
1790 1585 1830 1647 et
1846 1575 1947 1648 bolus
1967 1582 2004 1646 2.

566 1729 673 1812 Item,
690 1752 737 1801 cx
755 1728 940 1822 Strathily,

566 1878 674 1961 Item,
692 1902 713 1949 c
731 1872 835 1949 naffis
849 1874 1056 1967 (vernacula
1071 1876 1205 1969 lingua,
1222 1876 1260 1968 ly
1275 1874 1392 1969 Ziars)
1409 1874 1619 1957 salmonum,
1721 1868 1845 1945 Lusias
1862 1881 1896 1944 2.

567 2025 674 2109 Item,
694 2048 740 2095 ex
758 2023 956 2107 annalibus,
975 2021 1164 2095 Invernose
1181 2032 1220 2094 ct
1237 2020 1371 2103 Foress,
1499 2076 1507 2091 .
1608 2076 1618 2093 .
1719 2022 1835 2094 Marc.
1853 2045 1886 2092 v.
1903 2017 1939 2091 d.
1951 2022 2003 2092 xl.

568 2174 674 2259 Item,
693 2196 714 2245 e
730 2174 842 2245 sirmis
859 2182 898 2245 et
915 2174 1044 2245 annuis
1061 2174 1098 2243 in
1117 2172 1245 2267 Elgyn,
1390 2226 1398 2241 .
1500 2227 1508 2241 .
1609 2225 1618 2242 .
1719 2171 1835 2244 Marc.
1853 2178 1887 2241 2.

568 2472 732 2544 Tantalis
759 2496 844 2567 ergo
879 2472 991 2555 bonis,
1026 2472 1211 2565 egregium
1236 2467 1490 2543 monasterium
1519 2491 1542 2538 a
1567 2468 1710 2563 Kynlos
1738 2476 1828 2541 tuno
1853 2492 2004 2541 oecono-

520 2644 660 2693 morum
685 2630 725 2693 ct
748 2621 921 2693 abbatum
946 2618 1136 2691 oscitantia
1154 2621 1334 2711 perditum
1352 2620 1442 2703 suit;
1466 2620 1529 2691 ubi
1554 2617 1656 2690 sunm
1680 2640 1813 2691 munus
1836 2642 2003 2692 exercere

519 2772 637 2862 caepit
653 2769 807 2841 Thomas
824 2770 933 2841 abbas
950 2770 1071 2839 omnia
1086 2770 1123 2837 in
1141 2769 1271 2840 melius
1285 2770 1426 2851 mutari,
1452 2792 1494 2839 ac
1513 2770 1611 2839 brevi
1628 2770 1800 2861 temporie
1826 2768 2002 2839 curriculo

521 2917 710 3010 duplicatis
736 2918 811 2989 fere
836 2918 1002 2987 omnibus
1021 2914 1077 3005 (ut
1095 2918 1206 2988 etiam
1229 2939 1325 2988 nnnc
1351 2911 1538 2987 clarillime
1554 2912 1707 3010 constat)
1725 2916 1875 2987 infinitis
1891 2938 2004 2988 exun-

522 3067 605 3138 dare
639 3066 742 3137 bonis
775 3064 888 3137 visum
923 3061 986 3137 est.
1054 3064 1114 3138 Ita
1146 3059 1445 3159 promptissimum
1474 3059 1528 3136 est
1549 3065 1713 3156 judicare
1749 3067 1835 3156 quid
1870 3062 2002 3136 distent

522 3213 644 3306 (juxta
667 3215 875 3306 paremiam)
901 3237 984 3284 aera
1008 3213 1152 3306 lupinis.
1203 3213 1264 3284 Sic
1288 3207 1580 3306 prudentissimus
1608 3213 1864 3305 paterfamilias
1888 3213 2003 3284 multa

523 3362 683 3456 congerit
701 3355 851 3432 studiose
868 3382 959 3453 quae
984 3355 1221 3453 ineptiffimus
1242 3358 1390 3451 quisque
1407 3362 1514 3454 longe
1529 3360 1669 3432 facilius
1689 3361 1867 3434 inutiliter
1891 3361 2003 3432 effun-

524 3513 587 3582 dit.
623 3508 711 3584 ‚sed
730 3509 807 3602 jam
824 3508 1077 3602 prosequamur
1093 3507 1241 3601 reliqua.

574 3659 670 3732 Sunt
695 3667 733 3730 et
757 3657 956 3730 salmonum
986 3653 1199 3750 piscationes
1228 3661 1266 3729 in
1286 3660 1392 3750 aquis
1421 3659 1467 3730 ab
1491 3657 1632 3739 Ithane,
1662 3659 1825 3750 proxime
1853 3659 1899 3730 ad
1925 3657 2003 3730 illas

525 3810 630 3882 aedes
669 3831 757 3899 quas
786 3807 892 3900 paulo
922 3817 1007 3878 ante
1041 3807 1399 3878 commemoravimus
1432 3815 1597 3877 recenter
1623 3808 1661 3876 iu
1691 3805 1822 3877 Ellone
1846 3803 2003 3888 strodes,

526 3960 671 4030 domino
683 3982 705 4030 a
715 3955 876 4028 Finiater
888 3957 1070 4039 additium
1088 3978 1148 4026 eas
1160 3953 1314 4026 Thomas
1327 3956 1445 4037 abbas,
1458 3956 1585 4049 grandi
1597 3964 1832 4028 annumerata
1842 3957 2004 4048 pecunia,

526 4109 563 4176 in
577 4105 820 4176 novendecem
834 4073 954 4175 annos
960 4105 1100 4174 futuros
1113 4104 1298 4174 conduxit.
1333 4103 1484 4174 Initium
1498 4101 1644 4196 hujusce
1655 4106 1708 4175 rei
1720 4105 1791 4174 suit
1803 4111 2004 4176 annolttt.

577 4252 715 4323 Eodem
732 4275 825 4323 anno
843 4273 913 4342 quo
930 4246 1041 4322 isthac
1057 4250 1284 4344 gerebantur,
1310 4252 1405 4343 apud
1430 4273 1563 4320 novum
1581 4251 1736 4344 burgum
1752 4275 1775 4323 a
1790 4250 2005 4335 Setownem,

527 4405 674 4475 domum
699 4401 876 4494 lapideam
901 4401 940 4470 in
964 4396 1102 4490 aliquot
1128 4397 1285 4468 officinas
1311 4394 1512 4469 distinctam
1537 4421 1579 4470 ao
1603 4397 1803 4483 locabilem,
1833 4401 1879 4471 ad
1907 4397 2007 4470 usum

527 4560 718 4624 nautarum
742 4549 1010 4643 peregrinorum
1035 4547 1327 4628 commeantium,
1344 4548 1483 4640 magnis
1499 4543 1678 4639 impensis,
1705 4571 1788 4619 oum
1804 4546 1929 4618 solario
1946 4571 2007 4619 ex-

528 4699 668 4772 struxit.
705 4698 756 4770 Et
773 4721 855 4770 cum
873 4695 936 4768 illa
950 4705 1171 4777 curarentur,
1186 4704 1260 4765 trcs
1273 4695 1385 4765 etiarn
1402 4692 1530 4766 calices
1546 4705 1736 4789 argenteos
1752 4697 1851 4768 intus
1864 4705 2005 4768 tantum

530 4851 717 4921 deauratos
734 4848 779 4919 ad
797 4846 1000 4940 peragenda
1015 4841 1184 4916 sacrificia
1199 4839 1262 4912 suo
1279 4839 1494 4913 monasterio
1511 4851 1652 4936 emptos
1669 4845 1828 4915 tradidit.

579 4999 624 5070 In
641 4996 811 5088 sequenti,
829 5018 923 5078 vero,
941 5017 1034 5066 anno
1052 4994 1240 5086 coquinam
1257 4992 1303 5063 ad
1318 4989 1418 5062 suam
1434 4991 1553 5063 aulam
1570 4987 1780 5085 amplissime
1797 4990 2010 5064 exstructam
