4500 6100
518 794 562 869 76
985 788 1234 863 HISTORIA
1260 788 1518 863 ABBA'l'UM

515 998 592 1059 tum
609 982 890 1077 distindamque.
942 985 987 1057 In
1004 988 1125 1081 cappis
1141 996 1265 1059 autem
1282 987 1385 1081 (quas
1398 988 1543 1080 vocant)
1560 994 1702 1079 praeter
1712 986 1812 1057 illam
1828 985 2000 1056 florulen-

515 1148 591 1209 tam
616 1158 663 1208 ex
687 1158 774 1207 auro
800 1133 921 1205 textili
947 1135 1048 1227 cnjus
1068 1135 1176 1227 paulo
1201 1144 1287 1207 ante
1310 1139 1536 1207 mentionem
1560 1135 1720 1219 fecimus,
1748 1133 1886 1228 septem
1909 1135 2001 1204 alias

515 1287 632 1357 aureis
649 1294 686 1355 et
703 1283 943 1376 hyacinthinis
960 1283 1029 1353 silis
1046 1285 1115 1354 rite
1128 1283 1408 1377 quaquaversum
1426 1286 1631 1379 phrygiataa
1647 1286 1686 1354 in
1702 1282 1803 1354 suum
1820 1280 2000 1354 monaste-

514 1436 606 1505 rium
619 1434 769 1515 invexit,
787 1454 896 1503 unam
909 1454 955 1503 ex
973 1429 1095 1503 villosa
1107 1440 1146 1502 et
1158 1426 1255 1525 bysso
1272 1435 1395 1526 cyanei
1408 1433 1546 1515 coloris,
1557 1434 1645 1543 duas
1657 1432 1784 1503 itidem
1801 1429 1942 1503 villosas
1958 1440 1999 1501 et

515 1578 667 1679 byilinas
687 1584 914 1677 nigricantea,
942 1579 1095 1651 totidem
1120 1603 1307 1673 porraceas
1331 1584 1440 1653 etiam
1459 1604 1505 1652 ex
1522 1578 1629 1674 bysso,
1655 1604 1697 1651 ac
1720 1581 1807 1651 duas
1827 1604 1874 1650 ex
1899 1576 1996 1673 bysso

514 1732 673 1825 palmata
689 1740 727 1801 et
744 1730 928 1801 undulata„
989 1728 1159 1801 Proxime
1183 1730 1239 1800 bis
1263 1732 1440 1802 accedunt
1463 1731 1555 1801 duae
1578 1732 1702 1823 nigrae
1727 1753 1773 1800 ex
1798 1726 1996 1801 semiserico

516 1904 665 1971 quarum
678 1878 761 1949 usus
771 1880 809 1947 in
826 1886 1050 1948 mortuorum
1063 1877 1257 1959 funeribus,
1275 1886 1314 1948 et
1330 1878 1566 1950 litationibus.
1608 1876 1662 1948 Ac
1679 1900 1727 1947 ne
1736 1900 1801 1970 per
1813 1880 1996 1959 incuriam,

516 2026 636 2099 statim
665 2028 789 2120 inepte
818 2025 1002 2095 tradendo
1032 2046 1074 2095 ec
1103 2024 1313 2116 perturbate
1341 2026 1560 2109 deficerent3
1593 2028 1632 2095 in
1661 2026 1740 2097 loco
1769 2049 1834 2118 pro
1863 2026 1996 2096 foribus

516 2178 655 2249 sacrarii
672 2170 859 2269 aptiffimo,
884 2198 1003 2245 arcam
1029 2174 1186 2269 ligneam
1210 2175 1418 2266 quadrantis
1442 2176 1480 2245 in
1505 2196 1652 2257 morem,
1678 2175 1741 2245 nbi
1765 2198 1863 2247 nunc
1877 2175 1997 2267 hujus-

515 2326 614 2397 modi
626 2322 844 2397 alservantur
856 2318 982 2406 vestes,
996 2322 1160 2395 fabricari
1176 2323 1273 2393 fecit.
1316 2320 1362 2392 In
1378 2318 1531 2393 similem
1544 2320 1656 2405 usum,
1673 2346 1738 2416 pro
1754 2321 1826 2395 suis
1842 2320 1995 2396 vestibus

516 2482 554 2545 et
571 2474 713 2557 tunicis,
731 2473 820 2544 dnos
833 2471 961 2544 abacos
975 2470 1098 2565 (vulgo
1108 2469 1369 2543 conservatoria
1380 2473 1648 2567 nuncupantur)
1662 2472 1874 2566 perpulchre
1882 2470 1996 2567 sculp

516 2633 582 2707 tos,
600 2625 755 2695 alterum
773 2624 811 2693 in
827 2620 889 2691 suo
907 2621 1121 2704 ambulacro,
1140 2624 1178 2691 in
1195 2620 1360 2691 cubiculo
1375 2618 1439 2691 suo
1456 2620 1610 2691 alterum
1628 2619 1835 2715 composuit.

566 2772 648 2845 Nec
665 2774 784 2843 minus
807 2777 994 2842 accuratus
1011 2770 1080 2839 fuit
1098 2771 1137 2838 in
1153 2769 1313 2839 ornanda
1338 2764 1486 2839 ecclesia
1501 2765 1564 2840 sua
1580 2770 1625 2839 ab
1643 2768 1782 2850 Ellone,
1799 2772 1858 2841 cui
1874 2794 1996 2864 parem

516 2919 675 2992 tabulam
701 2920 849 3013 pistoria
873 2927 911 2989 et
936 2914 1106 2988 statuaria
1131 2925 1209 2987 arte
1235 2916 1441 2987 deauratam
1463 2938 1546 2987 cum
1571 2916 1634 2988 illa
1650 2916 1788 2990 Beatae
1805 2918 1938 2991 Matris
1959 2930 1996 2990 et

518 3069 679 3163 Virginis
695 3069 790 3161 apud
808 3065 948 3160 Kynlos
966 3068 1011 3137 de
1028 3089 1098 3158 qua
1114 3064 1223 3158 paulo
1239 3073 1325 3136 ante
1337 3062 1458 3136 sumus
1475 3066 1597 3149 locuti,
1616 3067 1782 3138 contulit.
1823 3065 1996 3140 Restituit

518 3238 659 3309 qnoque
683 3215 756 3286 illic
778 3215 893 3306 majus
918 3215 1031 3285 altare
1056 3213 1220 3284 tabulato
1245 3214 1308 3284 ubi
1334 3223 1372 3284 et
1397 3215 1502 3286 divae
1527 3212 1659 3287 Annae
1683 3211 1838 3288 statuam
1862 3221 1996 3300 erexit3

517 3365 727 3458 paravitque
752 3385 845 3433 nova
862 3364 899 3431 in
925 3362 1032 3432 choro
1057 3358 1245 3444 subsellia3
1272 3370 1309 3433 et
1335 3359 1450 3434 vestes
1476 3364 1623 3436 adrem
1639 3360 1773 3434 sacram
1799 3366 1996 3438 faciendam

517 3524 602 3597 tres,
620 3510 774 3584 casulam
792 3511 960 3581 videlicet
980 3532 1026 3580 ex
1051 3504 1147 3602 bysso
1172 3508 1339 3601 palmata,
1357 3511 1446 3582 duas
1463 3510 1681 3594 dalmaticas,
1699 3535 1783 3584 cum
1799 3513 1890 3587 olbis
1906 3523 1945 3587 et
1960 3517 1996 3585 id

518 3685 631 3758 genus
648 3661 803 3754 reliquis,
830 3654 1068 3730 liberalissime
1086 3669 1278 3751 coemptas,
1299 3659 1458 3729 tradidit.
1510 3657 1633 3730 Posuit
1650 3669 1689 3731 et
1705 3663 1743 3731 in
1760 3659 1888 3734 sacello
1904 3666 1998 3757 apud

462 3883 464 3886 .
519 3811 705 3904 Stratbily,
723 3832 796 3882 non
814 3809 1115 3880 contemnendam
1134 3806 1182 3878 Di
1188 3831 1251 3879 vae
1268 3807 1430 3901 Virginis
1447 3815 1485 3877 et
1504 3805 1636 3880 Matris
1653 3811 1690 3879 iu
1707 3808 1781 3882 sole
1797 3809 1962 3884 statuam.

568 3959 629 4031 Ad
663 3956 766 4030 usum
798 3967 984 4050 praeterea
1012 3954 1095 4028 suae
1124 3955 1291 4040 familiae,
1322 3965 1457 4036 cratem
1487 3957 1638 4029 ferream
1667 3957 1790 4054 (vulgo
1819 3963 1999 4032 caminum

519 4108 658 4199 dicunt)
685 4106 969 4198 ottingentorum
995 4107 1123 4197 pondo,
1151 4106 1240 4174 duos
1265 4105 1414 4176 cacabos
1435 4105 1590 4176 aheneos
1615 4107 1660 4177 ad
1686 4103 1890 4180 cerevisiam
1916 4133 1999 4180 con-

518 4256 717 4337 ficiendam,
734 4250 816 4325 vasa
832 4249 980 4324 stannea
995 4252 1251 4345 multiplicium
1268 4253 1462 4324 formarum
1480 4255 1637 4325 ducenta
1653 4277 1699 4325 ex
1712 4253 1858 4350 Anglia,
1875 4266 1914 4328 et
1929 4257 1999 4328 alie

517 4405 635 4476 multa
650 4405 688 4473 in
704 4399 807 4473 usum
825 4399 1082 4492 quotidianum,
1100 4398 1250 4470 lettnlos
1274 4399 1438 4492 plumeos
1462 4402 1722 4496 quinquaginta
1745 4425 1829 4474 cnm
1854 4405 1999 4498 reliquis

518 4577 641 4625 eorum
668 4550 932 4645 appendicibus,
959 4550 1064 4620 etad
1089 4549 1301 4641 integendos
1324 4545 1435 4619 lettos
1452 4550 1531 4620 otto
1548 4558 1587 4620 et
1603 4551 1731 4644 viginti
1754 4547 1999 4646 peristromata

519 4702 640 4796 (vulgo
657 4698 890 4793 arrelbeddis)
909 4694 1102 4781 leiiiffima,
1131 4697 1203 4767 duo
1227 4697 1428 4789 pulvinaria
1452 4700 1554 4792 nigra
1577 4721 1623 4769 ex
1641 4695 1777 4771 villolsa
1792 4698 1899 4794 bysso,
1916 4725 1999 4773 cum

518 4859 671 4940 quatuor
692 4859 729 4920 ct
746 4849 874 4943 viginti
891 4847 970 4918 aliis
986 4869 1095 4940 opere
1110 4845 1287 4939 plumario
1305 4843 1450 4935 (Graeci
1468 4847 1594 4917 dicunt
1610 4871 1633 4918 a
1649 4847 1813 4922 liciorum
1825 4851 1998 4920 varietate

517 4995 708 5091 multiplici
725 4995 1007 5090 polymitarium)
1024 4996 1163 5088 paravit
1180 5016 1255 5065 non
1271 5016 1381 5086 parva
1396 4997 1549 5086 pecunia
1564 4993 1627 5066 sua
1643 4993 1866 5068 monasterio.
