4500 6100
469 732 514 797 32
946 719 1193 793 HISTORIA
1219 720 1477 793 ABBATUM

471 920 586 991 officio
604 918 716 989 Prior.
768 916 840 989 Hic
856 915 1015 989 Joannea
1031 915 1159 989 Tellen
1175 920 1265 989 emit
1289 914 1445 991 casulam
1467 918 1592 991 vinetia
1616 912 1705 1011 byffi
1721 940 1816 1011 quae
1831 914 1963 989 nostro

473 1078 636 1159 tempore
661 1066 778 1137 adhuc
802 1062 936 1137 visitur.
988 1064 1088 1137 Emit
1106 1074 1145 1137 et
1169 1066 1258 1137 duaa
1281 1065 1418 1159 phialae
1437 1073 1637 1160 argenteae,
1662 1064 1813 1138 calicem
1837 1088 1960 1137 unum

473 1223 694 1309 argenteum,
711 1236 868 1307 amoqne
885 1210 1132 1297 incrustatmn,
1149 1214 1195 1284 ad
1210 1210 1382 1285 sacellum
1399 1212 1438 1285 S.
1451 1212 1563 1296 Petri,
1581 1221 1620 1285 et
1631 1213 1787 1285 alterum
1800 1210 1848 1285 S't
1867 1212 1966 1285 Oru-

474 1365 534 1446 cia‚
553 1386 635 1434 cum
647 1358 787 1445 casula3
804 1360 891 1433 tulii
902 1369 940 1431 et
953 1360 991 1433 S.
1003 1360 1104 1432 Petri
1120 1359 1293 1433 tabellam
1305 1362 1455 1433 minime
1468 1362 1780 1433 contemnendam.
1815 1360 1965 1433 Habuit

478 1513 535 1583 bic
552 1512 679 1583 fratres
695 1532 883 1606 germanos
899 1510 1078 1583 Joannem
1096 1505 1229 1581 Tellen
1245 1510 1363 1581 virum
1379 1508 1522 1593 laicum,
1545 1519 1583 1581 et
1608 1496 1817 1605 magistrum
1840 1509 1966 1581 David

477 1658 603 1729 Tellen
628 1654 858 1741 sacerdotem,
883 1680 1035 1751 quorum
1052 1652 1122 1730 ossa
1138 1660 1177 1729 in
1193 1654 1346 1730 claustro
1359 1658 1485 1751 jacent
1501 1660 1597 1729 inter
1620 1654 1744 1729 sedilia
1759 1656 1825 1729 snb
1841 1658 1966 1750 lapide

461 1764 463 1772 Ι
479 1804 627 1899 signato.
678 1805 789 1878 Fama
806 1803 859 1877 est
876 1807 1027 1877 duorum
1045 1806 1197 1877 fratrum
1214 1806 1386 1899 suppetiis
1403 1814 1508 1877 tanta
1523 1802 1631 1899 egisse
1648 1806 1835 1877 dominum
1851 1805 1966 1876 Joan-

480 1976 565 2025 nem
576 1951 703 2024 'l'ellen
714 1954 929 2025 monachum
942 1962 1051 2045 atque
1061 1949 1229 2024 excitasse
1241 1962 1390 2046 pontem
1403 1962 1490 2025 ante
1501 1962 1643 2045 portam
1652 1977 1676 2024 a
1687 1952 1839 2047 Kynloa
1852 1977 1964 2046 quem

482 2124 596 2194 nuper
607 2100 800 2173 demolitus
816 2098 878 2183 est,
896 2100 1050 2173 Thomas
1062 2100 1190 2171 Abbaa
1205 2100 1302 2171 illiue
1319 2102 1389 2173 loci
1405 2100 1595 2193 subjiciens
1611 2099 1905 2194 praestantiorem
1922 2111 1964 2172 et

482 2251 649 2343 lapidem.
687 2249 761 2322 Sed
768 2250 843 2342 jam
858 2250 903 2321 ad
917 2248 1099 2322 Abbatem
1110 2248 1290 2321 Jaoobum
1302 2248 1648 2341 Gutberyrevertor.
1683 2249 1770 2321 Fuit
1782 2251 1814 2321 ia
1826 2250 1964 2322 theolo-
2103 2228 2112 2245 ⁰

482 2402 561 2493 giae
586 2397 845 2471 Baccalaureus
858 2422 931 2469 non
946 2396 1175 2492 spernendus.
1218 2397 1297 2469 Sub
1309 2399 1452 2469 initium
1465 2395 1549 2469 suae
1561 2394 1887 2481 administrationis,
1898 2400 1963 2469 ubi

483 2546 681 2621 offendisset
693 2549 892 2641 complures
909 2548 1044 2641 lapidee
1061 2548 1252 2639 quadratos
1269 2569 1378 2639 opera
1393 2546 1445 2617 sui
1462 2543 1743 2639 praedecessoris,
1765 2551 1903 2618 curavit
1919 2572 1963 2618 ea

484 2696 665 2771 absolvere
678 2722 768 2791 quae
787 2698 954 2771 inchoata
969 2707 1113 2769 tantum
1130 2696 1354 2768 videbantur.
1405 2693 1463 2765 Aa
1475 2697 1631 2787 primum
1645 2699 1809 2767 extruxit
1829 2708 1962 2769 turrem

485 2870 737 2939 campanarum
754 2849 812 2918 cui
824 2842 1003 2939 supposuit
1015 2845 1321 2939 contignationem
1332 2843 1525 2936 pyramidis
1537 2846 1576 2915 in
1588 2866 1726 2915 morem
1739 2854 1782 2916 ut
1794 2845 1962 2938 spatiabi-

486 2995 558 3067 lem
571 2997 624 3067 ita
639 2997 787 3066 minime
799 2994 1027 3086 probandam,
1037 2988 1065 3064 si
1077 2994 1222 3087 propius
1234 3015 1311 3066 rem
1321 3000 1438 3064 totam
1450 2989 1650 3087 cognoscas,
1668 3016 1751 3066 cum
1764 2998 1873 3067 turris
1885 2998 1962 3068 sun·

487 3146 655 3215 damenta
665 3139 734 3213 sint
744 3151 897 3234 quatuor
907 3143 1082 3214 duntaxat
1093 3142 1301 3224 columnae3
1319 3164 1544 3234 nequaquam
1554 3144 1695 3234 probari
1706 3145 1815 3216 debet
1825 3155 1961 3218 tantam

488 3287 556 3362 esse
579 3289 849 3384 superinjectam
874 3289 1007 3360 molem
1030 3299 1107 3360 tam
1133 3290 1242 3360 debili
1266 3286 1350 3361 basi.
1400 3288 1474 3360 Sed
1499 3289 1593 3361 forte
1616 3293 1748 3362 mirum
1765 3295 1878 3366 videri
1894 3319 1964 3366 non

490 3441 599 3512 debet
615 3439 682 3512 boc
699 3440 836 3511 lacinus
852 3441 891 3509 in
908 3461 1014 3510 caeco
1030 3439 1176 3509 homine
1200 3447 1238 3510 et
1264 3441 1326 3532 qui
1350 3439 1440 3509 nibil
1465 3442 1566 3510 novit
1590 3441 1858 3514 architesturae.
1910 3443 1967 3515 lta

492 3593 566 3685 egit
584 3591 622 3660 in
638 3588 862 3662 calefactorio
875 3584 1135 3669 constituendo,
1149 3586 1354 3678 relinquens
1367 3596 1527 3657 veterem
1538 3582 1828 3680 designationem,
1842 3615 1966 3683 quaea

491 3751 592 3834 tergo
610 3741 736 3810 domna
753 3737 869 3808 adhuc
886 3733 1109 3828 conspicitur,
1127 3743 1165 3806 et
1183 3731 1349 3829 angustae
1366 3735 1472 3806 aedes
1487 3756 1634 3827 ponens.
1686 3736 1774 3808 Non
1790 3739 1882 3811 aliua
1898 3743 1967 3813 fuit

411 3940 412 3943 ,
492 3892 530 3959 in
547 3887 737 3959 excitanda
762 3887 867 3956 domo
893 3885 954 3954 ubi
980 3906 1076 3954 nunc
1093 3891 1288 3976 operantur
1304 3883 1392 3954 fabri
1411 3882 1551 3976 lignarii
1573 3894 1637 3955 aut
1660 3884 1873 3979 hujusmodi
1924 3891 1967 3960 In

493 4034 675 4106 stmauns
700 4033 771 4104 illis
789 4056 871 4104 cum
897 4028 1054 4102 deessent
1080 4031 1163 4101 huic
1187 4031 1324 4102 bomini
1348 4032 1532 4124 pecuniae,
1551 4029 1715 4105 distrada
1732 4033 1814 4106 sunt
1838 4060 1970 4132 organa

495 4208 586 4278 quae
612 4206 708 4253 nunc
736 4183 775 4252 in
802 4179 944 4251 Forres'a
968 4175 1130 4249 visuntur
1158 4187 1196 4248 et
1225 4177 1438 4249 malluvium
1467 4201 1550 4248 cum
1574 4185 1761 4275 gutturnio
1786 4189 1970 4279 argenteio

495 4334 518 4405 J
521 4335 645 4406 oannis
662 4330 768 4402 Elem
785 4351 877 4422 quae
894 4350 989 4397 nunc
1006 4326 1184 4398 habentur
1204 4327 1242 4396 in
1260 4325 1519 4411 Dumfermile;
1537 4326 1746 4402 vendidisset
1759 4341 1798 4402 et
1810 4334 1971 4407 tabulam

498 4480 670 4577 insignem
700 4478 843 4571 majoris
872 4499 963 4558 arae,
997 4469 1061 4545 nisr
1096 4469 1308 4546 obstitissent
1341 4486 1579 4568 cognomento
1610 4476 1739 4561 Ellam,
1769 4482 1971 4556 vicariana

499 4632 630 4724 Spyne,
648 4639 686 4700 et
703 4628 854 4699 vicarius
871 4625 963 4697 alter
987 4625 1024 4695 in
1043 4622 1172 4716 Elgyn.
1224 4616 1308 4691 Post
1332 4622 1469 4714 aliquot
1486 4647 1571 4695 vero
1595 4649 1708 4696 annos
1723 4624 1806 4700 suae
1823 4632 1972 4704 admini-

499 4777 677 4849 strationis
693 4774 818 4868 selegit
835 4772 1079 4846 succentorem
1098 4770 1284 4842 Moraviae
1301 4769 1525 4842 Gulielmum
1543 4773 1718 4846 Galbretb
1744 4778 1782 4846 in
1806 4776 1973 4851 successo-

501 4949 587 5008 rem,
604 4925 664 4996 sed
683 4923 738 5014 (ut
756 4924 876 5015 audio)
894 4920 1103 5015 symoniace.
1148 4918 1258 5003 Nam,
1275 4917 1441 4990 simulato
1457 4918 1565 5004 senio,
1583 4919 1728 4994 corrasit
1740 4947 1787 4994 ex
1798 4925 1972 4998 Galbretb

2219 1197 2230 1514 l
