4500 6100
490 784 535 856 36
966 778 1215 854 HISTORIA
1241 778 1499 853 ABBATUM

493 978 694 1051 declaratus
711 972 764 1051 est
779 977 889 1051 obbas
907 972 1118 1051 Monastorii
1135 1002 1158 1050 a
1174 976 1326 1072 Kynlos,
1343 976 1409 1050 snb
1426 976 1637 1050 Alexandro
1649 975 1788 1052 summo
1800 981 1965 1074 pontifice

491 1130 568 1222 ejus
585 1129 738 1200 nominis
756 1124 866 1199 sexto.

541 1276 603 1347 Ab
621 1300 663 1348 eo
681 1284 844 1371 tempore
857 1274 914 1367 (ut
931 1275 1039 1349 latius
1057 1275 1227 1369 scriptum
1253 1272 1307 1348 est
1324 1300 1346 1347 a
1361 1276 1466 1348 nobis
1482 1278 1520 1347 in
1541 1273 1648 1371 ipiins
1672 1279 1761 1372 vita)
1787 1280 1825 1348 in
1843 1274 1966 1350 consti-

493 1426 628 1496 tuendo
652 1420 877 1507 monasterio,
903 1426 941 1496 in
966 1423 1245 1497 adversariorum
1271 1425 1515 1509 contentione,
1543 1427 1580 1496 in
1606 1422 1845 1498 instaurandis
1870 1436 1967 1497 retu·

493 1570 584 1645 state
597 1570 733 1645 rimoiis
746 1574 924 1657 aedificiis,
942 1575 979 1644 in
990 1574 1221 1667 ponendis'et
1239 1574 1440 1645 excitandis
1453 1575 1555 1644 noris
1568 1574 1725 1659 aedibus,
1743 1577 1782 1645 in
1799 1576 1966 1656 emendis,

492 1746 575 1793 cum
601 1723 646 1794 ad
671 1720 773 1794 usum
798 1719 879 1793 suae
906 1722 1062 1793 familiae
1089 1732 1169 1793 tum
1194 1719 1441 1805 sacrificorum,
1470 1718 1559 1792 vads
1589 1725 1769 1817 argenteis
1799 1731 1838 1794 et
1867 1721 1967 1795 sacris

493 1867 658 1953 vestibus,
684 1873 722 1941 in
748 1872 916 1965 cogendis
941 1870 1079 1963 aliquot
1103 1867 1265 1963 collaplis
1289 1870 1473 1942 monacbis
1498 1872 1535 1942 in
1553 1872 1725 1955 ordinem,
1742 1879 1781 1942 et
1798 1873 1835 1943 id
1859 1896 1969 1967 genus

494 2019 573 2091 aliis
589 2041 683 2112 pene
699 2019 859 2101 infinitis,
877 2028 976 2089 totus
993 2018 1073 2089 fuit.

544 2166 601 2239 Ac
631 2190 713 2239 cum
739 2168 878 2239 videret
902 2167 948 2238 ab
979 2174 1099 2239 aetate
1128 2164 1165 2236 se
1190 2168 1229 2237 in
1257 2189 1487 2238 communem
1517 2175 1673 2237 mortem
1701 2190 1900 2261 properare,
1930 2178 1970 2239 ut

494 2318 564 2389 suis
589 2320 626 2389 in
652 2317 796 2413 longam
825 2324 983 2390 aetatem
1013 2312 1214 2387 consuleret
1238 2313 1429 2398 laboribus,
1456 2338 1550 2386 auno
1577 2316 1624 2387 60
1649 2313 1836 2409 postquam
1866 2326 1970 2388 natus

495 2477 582 2551 erat,
613 2468 730 2537 virum
763 2466 928 2537 omnibus
962 2465 1077 2535 modis
1107 2458 1433 2547 celebratiilimnm,
1459 2470 1498 2534 et
1528 2460 1708 2535 Ecclesiae
1738 2460 1970 2537 Moravienfis

495 2616 752 2689 sub-decanum
776 2614 831 2685 M.
857 2614 1059 2685 Robertnm
1085 2612 1190 2695 Reid,
1215 2635 1313 2683 nunc
1339 2611 1601 2683 Maecaenatem
1626 2643 1675 2703 Ab
1688 2664 1761 2703 anno
1778 2648 1854 2704 1528
1869 2646 1905 2703 od
1924 2666 1974 2703 au·

495 2788 627 2851 meum,
658 2767 697 2835 in
725 2765 888 2834 futurum
917 2762 1085 2833 abbatem
1115 2760 1260 2855 delegit.
1285 2756 1371 2831 Post
1399 2756 1600 2833 succeiloris
1624 2779 1786 2833 num1539
1807 2774 1974 2854 etamplius

497 2914 718 2995 eletiionem,
744 2933 855 2982 annos
880 2911 961 3003 plus
985 2910 1104 2980 minus
1130 2906 1268 3001 septem
1292 2910 1395 2980 vixit.
1628 2902 1892 2981 sifavemtsuperi.

547 3059 592 3132 In
621 3058 767 3144 summa,
799 3060 844 3130 ab
874 3083 917 3129 eo
950 3081 1044 3130 anno
1074 3081 1145 3151 qno
1174 3059 1331 3152 primum
1363 3058 1483 3130 editus
1509 3053 1563 3130 est
1591 3061 1629 3130 in
1659 3059 1777 3132 lucem
1807 3061 1970 3131 dominns

498 3211 662 3293 lbomas,
693 3208 739 3279 ad
768 3215 971 3279 extremum
997 3207 1094 3277 vitae
1124 3208 1230 3289 diem,
1259 3208 1370 3280 etism
1399 3204 1507 3300 iplius
1532 3201 1757 3291 confeffione,
1787 3231 1900 3279 annos
1929 3212 1974 3286 67

502 3354 661 3430 absolvit.
879 3327 890 3342 ⁸

545 3506 667 3577 Tertio
694 3513 816 3576 autem
846 3504 922 3576 Cal.
952 3502 1114 3575 Januarii
1144 3502 1284 3574 dolatus
1313 3503 1359 3573 od
1387 3499 1649 3574 Monalbcrium
1679 3528 1701 3575 a
1726 3501 1878 3597 Kynlos,
1908 3503 1971 3575 sub

499 3657 641 3727 nuttam
658 3656 695 3725 in
711 3651 896 3746 sepulchro
913 3676 935 3724 a
951 3649 986 3722 se
1000 3647 1195 3722 constituto
1207 3652 1370 3743 proxime
1382 3652 1427 3722 ad
1439 3649 1614 3722 summam
1627 3675 1725 3722 aram
1737 3649 1898 3745 sepultus
1911 3651 1975 3724 est.

548 3803 650 3877 Obiit
680 3801 856 3894 Stratbily
890 3825 933 3872 ca
967 3801 1081 3883 notte,
1107 3823 1199 3892 quae
1230 3797 1391 3890 sequitur
1424 3804 1447 3870 4
1482 3799 1558 3870 cal.
1588 3799 1761 3883 Januarii,
1791 3801 1879 3872 bora
1904 3805 1978 3872 fero

418 3939 420 3942 ’
499 3953 697 4033 undecima,
716 3973 809 4022 anno
828 3950 975 4020 Domini
995 3956 1100 4021 1535.

550 4097 671 4192 Hujus
700 4098 839 4168 abbatis
869 4107 1040 4191 tempore,
1071 4098 1237 4167 dominus
1261 4095 1421 4167 Joannes
1446 4059 1661 4180 Gordonius,
1692 4099 1835 4168 comitis
1865 4097 1978 4168 Alex·

499 4248 599 4320 andri
625 4245 720 4316 filius
745 4235 834 4316 natu
859 4246 981 4338 major,
1007 4245 1231 4336 quorundam
1259 4245 1479 4316 nebulonum
1510 4244 1675 4338 impulsu,
1705 4269 1800 4316 anno
1831 4245 1977 4316 Domini

503 4403 607 4480 1515,
625 4397 684 4467 die
698 4401 745 4474 97
758 4389 887 4464 mensis
902 4392 1122 4475 Decembris,
1142 4392 1361 4485 irrumpebat
1377 4389 1441 4463 sub
1454 4391 1636 4486 vesperam
1653 4394 1692 4464 in
1709 4394 1817 4488 adyta
1834 4391 1979 4465 Menas-

500 4546 581 4616 terii
599 4568 621 4615 a
637 4541 789 4638 Kynlos,
806 4565 848 4613 ac
864 4539 1031 4612 scrinium
1049 4537 1230 4634 cujusdam
1246 4537 1416 4612 honestae
1433 4549 1618 4612 matronae
1643 4541 1809 4613 dominae
1835 4541 1978 4635 Marga-

500 4699 599 4762 retae
617 4691 758 4773 Mouat,
776 4693 814 4761 in
832 4714 902 4784 quo
920 4686 1186 4761 asservabantur
1201 4688 1339 4782 aliquot
1355 4686 1549 4781 scripturae
1565 4711 1649 4760 cum
1665 4688 1849 4760 nonnullis
1870 4699 1979 4782 'pecu-

503 4840 581 4921 niis,
592 4839 777 4932 confregit.
809 4838 1006 4932 Suppilatis
1019 4859 1161 4929 qnoque
1172 4833 1316 4919 scriniis,
1330 4839 1368 4907 in
1381 4836 1519 4908 Gallias
1530 4837 1709 4930 profettus
1722 4833 1785 4908 est.
1816 4835 1889 4907 Sed
1900 4835 1979 4906 Nn-

500 4988 598 5058 mine
615 4987 662 5058 ob
678 4983 792 5058 scelus
807 4995 989 5080 patratum
1010 4987 1177 5082 agitatus,
1201 5009 1274 5056 non
1299 4985 1418 5077 potuit
1443 4985 1539 5078 apud
1556 4985 1681 5058 Gallos
1699 4986 1833 5056 diutius
1850 4987 1979 5066 virere,
