4500 6100
675 780 1004 855 MONASTERII
1030 782 1066 855 A
1092 780 1318 856 KYNLOS.
1690 789 1767 860 75·

266 978 368 1051 Anno
391 987 578 1073 praeterea
593 1002 616 1051 a
632 1001 735 1049 verae
754 979 901 1074 pietatis
926 980 1031 1050 initio
1056 977 1245 1051 millefimo
1270 974 1556 1073 quingentesimo
1573 974 1738 1051 vieefimo

265 1150 363 1210 nono,
373 1130 411 1199 in
422 1127 580 1199 exhedra
592 1127 848 1199 monachorum
858 1128 896 1197 in
907 1127 1044 1221 templo
1056 1127 1158 1219 (trito
1167 1127 1252 1200 satis
1263 1130 1410 1199 nomino
1423 1129 1572 1199 eborum
1582 1132 1738 1219 vocant),

261 1272 419 1349 subsellia
434 1274 568 1349 affabre
584 1275 722 1370 sculpta
738 1298 822 1347 eum
842 1272 957 1347 hostio
974 1273 1099 1369 posuit,
1117 1285 1157 1348 et
1177 1279 1348 1369 utrinque
1363 1274 1591 1348 sacratiorem
1611 1276 1738 1370 templi

261 1433 397 1515 partem
414 1422 583 1495 cancellis
599 1423 644 1494 ad
661 1424 851 1495 arcendam
868 1422 1011 1516 plebem
1028 1426 1066 1493 in
1084 1425 1233 1517 adytum
1249 1428 1471 1518 irrumpente
1488 1425 1703 1497 obfirmavit.

309 1570 454 1643 Memor
470 1574 580 1643 etiam
607 1571 810 1665 fragilitatis
827 1572 1015 1655 humanae,
1041 1581 1085 1644 ut
1109 1573 1195 1643 boni
1211 1570 1361 1665 pastoris
1377 1570 1586 1666 exemplum
1605 1569 1757 1644 succes-¹

259 1718 393 1792 soribus
421 1719 651 1811 relinqueret,
678 1728 716 1789 et
742 1741 815 1789 non
840 1720 886 1791 ad
911 1722 1124 1812 captandam
1149 1719 1309 1815 gloriam,
1335 1718 1562 1814 sepolchrum
1578 1716 1643 1792 fibi
1660 1719 1737 1813 ipsi,

259 1872 354 1940 inter
370 1870 458 1941 duas
470 1866 589 1941 sacelli
604 1868 721 1939 Divae
737 1868 869 1939 Matris
886 1868 1080 1952 columnas,
1098 1868 1217 1962 lapide
1230 1871 1404 1961 quadrato
1418 1872 1456 1940 in
1469 1870 1586 1941 altum
1603 1872 1740 1942 excita-

260 2020 323 2089 vit.
375 2016 456 2089 Nec
478 2018 594 2089 defuit
621 2016 674 2087 illi
701 2038 809 2109 quom
834 2017 872 2087 in
897 2018 965 2089 hae
989 2026 1091 2111 parte
1111 2015 1321 2109 sequeretur
1345 2019 1485 2101 author,
1503 2020 1557 2089 vir
1582 2020 1740 2112 optimus

258 2166 367 2237 abbas
400 2164 425 2237 J
427 2188 561 2239 oannes
595 2164 724 2247 Ellam,
768 2166 829 2256 qui
861 2164 1023 2239 tabulam
1056 2167 1371 2260 incomparabilem
1404 2169 1547 2260 majoris
1573 2190 1672 2239 ,arae
1703 2170 1742 2239 in

260 2314 401 2409 Kynlos
417 2313 479 2385 suo
497 2336 578 2387 aere
595 2313 818 2405 adportavit;
843 2314 874 2383 is
898 2314 1018 2396 etiam,
1037 2310 1234 2385 constituto
1255 2310 1319 2385 fibi
1344 2312 1541 2408 sepulchro,
1568 2317 1604 2385 in
1623 2315 1740 2387 Divae

260 2462 391 2536 Matris
407 2461 537 2535 sacello
553 2463 598 2535 ad
614 2458 773 2533 austrum
789 2459 949 2556 sepultus
960 2461 1068 2553 jacet.

308 2610 355 2682 In
380 2620 628 2683 ornamentum
650 2633 733 2682 vero
750 2608 987 2683 sacrificorum
1020 2611 1185 2683 dominus
1208 2610 1363 2683 Thomna
1379 2634 1426 2683 ex
1443 2635 1530 2682 auro
1554 2612 1676 2682 textili
1702 2622 1741 2683 et

261 2759 449 2831 florulento
467 2755 581 2831 vestes
596 2757 720 2842 sacras,
737 2755 933 2831 transmisso
949 2760 995 2831 ad
1012 2760 1048 2830 id
1066 2763 1204 2855 negotii
1221 2762 1258 2831 in
1276 2759 1480 2832 Flandriam
1505 2762 1650 2831 domino
1667 2760 1739 2831 Ro·

260 2910 362 2981 berto
373 2908 538 2991 eumen,
551 2931 645 2979 anno
658 2906 782 2979 salutis
794 2909 971 2981 hnmanae
987 2914 1092 2991 15920,
1106 2908 1274 2981 videlieet
1289 2934 1437 3004 cappam
1450 2934 1569 2993 unam,
1583 2935 1625 2983 ac
1641 2908 1740 2982 casn-

260 3058 342 3141 lam,
361 3059 449 3130 duas
466 3057 683 3140 dalmaticas,
697 3059 735 3128 in
746 3055 887 3151 Kynlos
900 3059 1111 3150 apportavit.
1152 3055 1254 3129 Emit
1265 3067 1305 3130 et
1318 3058 1404 3132 alias
1417 3056 1533 3132 vestes
1544 3081 1738 3154 purpureas

262 3229 306 3278 ex
317 3203 440 3282 villosa
455 3201 560 3299 bysso,
578 3206 647 3278 hoo
659 3203 722 3289 est,
736 3203 901 3288 casulam,
915 3213 989 3276 tres
1004 3205 1224 3290 dalmaticas,
1239 3207 1327 3280 duas
1339 3208 1427 3280 alias
1439 3206 1575 3282 casulas
1587 3203 1739 3302 bylfinas

261 3379 302 3426 ao
318 3352 459 3428 villosas
475 3349 655 3426 thalaffieo
669 3351 730 3426 seu
744 3362 874 3426 veneto
886 3353 1014 3438 colore,
1029 3377 1111 3425 eum
1124 3352 1196 3426 suis
1209 3354 1419 3439 dalmaticis,
1437 3358 1591 3428 totidem
1605 3355 1740 3452 casulae

261 3527 307 3574 ex
325 3499 431 3595 bysso,
448 3503 642 3594 palmatam
660 3524 768 3572 unam
787 3509 825 3572 et
840 3501 994 3584 mbram,
1008 3503 1160 3573 alteram
1172 3505 1359 3575 candidam
1378 3513 1416 3575 et
1433 3505 1644 3576 undulatam
1658 3527 1740 3576 oum

260 3650 330 3723 suis
347 3650 568 3733 dalmaticis;
594 3674 639 3722 ex
665 3648 858 3721 holoserico
876 3652 964 3721 item
988 3651 1151 3722 caeruleo
1168 3649 1333 3734 casulam,
1350 3673 1434 3723 oum
1452 3651 1590 3724 duabus
1607 3652 1741 3723 dalma-

262 3803 361 3884 tiois;
386 3800 516 3892 quibus
533 3799 698 3870 omnibus
723 3799 889 3870 laterales
914 3799 1024 3869 fibrae
1044 3800 1161 3870 aureis
1177 3795 1386 3870 staminibus
1403 3808 1442 3870 et
1458 3822 1567 3892 opere
1590 3799 1739 3894 phrygio

260 3951 436 4022 Divorum
461 3951 634 4042 imagines
651 3949 720 4020 tilis
737 3943 881 4041 byssinis
897 3948 1092 4040 purpureis,
1112 3950 1297 4032 coceineis,
1314 3957 1354 4019 et
1369 3949 1610 4042 hyacinthinis
1627 3951 1739 4020 inter-

261 4109 379 4170 textas
407 4099 552 4170 habent.
603 4096 796 4168 Accedunt
822 4107 860 4166 et
886 4091 1032 4190 singulis
1057 4093 1215 4170 vestibus
1239 4107 1358 4170 certae
1383 4121 1426 4170 ao
1449 4100 1612 4192 propriae
1637 4098 1739 4170 albae

261 4244 370 4321 stolae
388 4246 517 4337 (oraria
533 4253 639 4317 vocat
657 4244 914 4337 Hieronymus)
942 4251 980 4314 et
997 4244 1034 4314 id
1058 4268 1174 4338 genus
1199 4246 1337 4338 reliqua
1352 4249 1391 4318 in
1408 4244 1560 4319 vestium
1585 4247 1740 4340 comple-

262 4404 425 4468 mentum
442 4389 642 4466 neoessaria.
695 4389 829 4464 Rursus
847 4391 1001 4464 casulam
1019 4415 1139 4476 unam,
1166 4417 1249 4466 oum
1266 4375 1404 4466 duabus
1420 4396 1620 4468 dalmaticis
1636 4392 1739 4466 semi·

262 4539 388 4626 sericis,
406 4539 620 4632 (vorsetioes,
642 4543 757 4636 patria
774 4541 897 4634 lingua
920 4540 1035 4614 solent
1061 4543 1194 4635 dicere)
1212 4544 1332 4636 nigris,
1358 4567 1441 4614 oum
1457 4544 1549 4615 albis
1573 4541 1681 4626 stolis,
1699 4551 1738 4614 et

263 4691 340 4764 aliis
358 4692 402 4762 ad
419 4713 496 4762 rem
513 4691 673 4762 divinam
689 4712 753 4782 pro
770 4690 921 4760 mortuis
938 4689 1149 4772 faciendam,
1167 4692 1381 4781 procuravit.
1431 4689 1524 4762 ooo
1548 4701 1736 4784 praeterea

265 4837 406 4920 casulae,
432 4859 582 4929 quarum
607 4833 690 4908 usus
715 4834 839 4909 estad
864 4835 1042 4908 litandum
1060 4839 1097 4908 in
1114 4838 1263 4929 privatis
1287 4836 1470 4910 altaribus.
1520 4838 1675 4912 Addidit
1699 4851 1738 4911 et

267 4987 418 5067 mitram,
436 4981 497 5056 seu
513 4987 641 5056 tiaram
662 4987 801 5069 tostius,
818 4986 972 5079 gemmis
990 5007 1032 5056 ao
1048 4985 1249 5078 margaritis
1266 5007 1339 5056 non
1355 4986 1565 5059 indecenter
1582 4991 1737 5083 variega-

988 5153 1014 5200 n
