4500 6100
697 776 1027 852 MONASTERII
1052 780 1088 852 A
1115 778 1341 855 KYNLOS.
1713 790 1758 859 49

277 988 359 1049 tum
388 987 431 1048 ut
455 976 544 1047 mihi
563 974 645 1070 plus
669 977 734 1047 otii
753 973 959 1069 suppeteret
984 979 1021 1048 in
1047 977 1296 1074 recolligendis
1320 980 1412 1050 mele
1441 974 1577 1063 studiis,
1606 976 1672 1051 sub
1697 1002 1761 1051 an-

276 1148 366 1195 num
391 1123 539 1195 Domini
559 1129 652 1195 1540
670 1124 708 1193 in
724 1120 814 1195 festo
840 1121 1022 1197 Pusclratis
1046 1128 1136 1197 redii
1153 1128 1192 1197 in
1209 1126 1392 1210 Sootiam;
1416 1127 1481 1198 nbi
1497 1125 1631 1198 offendi
1647 1128 1759 1201 domi-

275 1294 365 1385 num
390 1294 512 1344 meum
542 1270 763 1344 declaratum
789 1269 993 1375 episcopum
1022 1272 1296 1357 Orchadensem,
1321 1298 1345 1345 a
1376 1296 1448 1366 quo
1479 1271 1557 1345 sum
1590 1285 1790 1379 acceptu

274 1416 545 1504 humaniffime;
579 1430 688 1513 atque
705 1430 745 1492 ut
772 1421 868 1491 ultro
898 1424 987 1493 mihi
1013 1422 1135 1494 reduci
1163 1422 1434 1516 gratificaretur,
1458 1422 1560 1493 nullo
1584 1444 1667 1494 meo
1691 1426 1758 1494 im·

274 1567 388 1663 pulsu,
414 1568 476 1641 sed
492 1568 555 1641 sua
568 1566 704 1662 sponte,
723 1570 883 1641 decrevit
898 1571 987 1643 mihi
1005 1571 1197 1661 quotannis
1213 1572 1451 1665 quadraginta
1466 1571 1574 1643 librae
1589 1580 1757 1643 monetae

273 1715 426 1791 scoticae
454 1740 519 1810 pro
542 1719 631 1787 meis
653 1714 848 1810 stipendiis,
871 1740 913 1788 ec
938 1714 1042 1788 fimul
1067 1715 1263 1811 impenliam
1296 1719 1396 1801 mihi,
1421 1720 1485 1789 uni
1514 1741 1596 1789 meo
1620 1718 1756 1791 famulo

274 1874 312 1937 et
346 1866 486 1937 duobus
519 1868 640 1958 equis;
674 1875 712 1937 et
745 1874 788 1936 ut
820 1865 889 1937 hoc
922 1861 1036 1958 ipsum
1063 1861 1150 1937 effet
1181 1867 1296 1937 lixum
1333 1861 1409 1937 line
1443 1866 1569 1939 fraude
1605 1876 1645 1939 et
1673 1867 1756 1938 dolo

273 2014 379 2097 malo,
405 2014 592 2086 amborum
618 2013 740 2086 literne
769 2014 897 2087 confec
947 2014 1036 2087 mihi
1061 2016 1099 2085 in
1123 2006 1271 2107 hujusce
1303 2015 1357 2085 rei
1391 2011 1637 2087 testimonium
1664 2017 1756 2109 pub-

272 2162 368 2245 licae,
395 2163 525 2256 qnibue
550 2162 730 2256 appendet
754 2159 911 2256 sigillum
937 2184 1130 2233 commune
1154 2184 1177 2232 a
1202 2159 1354 2253 Kynlos
1381 2183 1464 2231 cum
1500 2162 1756 2233 monachorum

271 2314 434 2383 omnium
470 2309 784 2403 subscriptionibus
824 2319 866 2381 ut
901 2318 1032 2382 vocant
1070 2308 1308 2381 manualibus.
1351 2308 1516 2395 ¹Eodem
1549 2332 1645 2381 anno
1678 2306 1756 2380 sum

269 2458 374 2530 Illum
403 2469 552 2531 euntem
579 2460 624 2530 ad
653 2456 837 2530 Orchadee
867 2459 1070 2541 comitatus,
1094 2466 1137 2528 ut
1160 2458 1307 2550 propius
1334 2478 1379 2527 ea
1402 2453 1597 2549 spettarem
1622 2479 1714 2548 quae
1733 2481 1756 2527 a

270 2608 453 2679 veteribus
470 2608 515 2678 de
532 2606 603 2677 illis
620 2604 744 2677 insulis
761 2604 968 2701 consignata
992 2604 1075 2676 sunt
1092 2605 1218 2676 literis.
1269 2603 1315 2674 In
1331 2604 1451 2675 reditu
1467 2603 1513 2675 ab
1530 2601 1755 2675 Orchudibue

269 2757 433 2827 traduxit
466 2756 625 2847 quiuque
656 2756 819 2847 juniores
858 2754 1051 2827 monachos
1089 2752 1229 2824 Belloci
1264 2752 1309 2823 ad
1348 2749 1500 2845 Kynlos,
1538 2774 1628 2845 quos
1665 2752 1754 2823 mihi

269 2904 478 2976 melioribus
501 2904 614 2975 literis
637 2904 786 2974 tradidit
802 2904 1024 3002 imbuendos,
1053 2905 1114 2995 qui
1131 2902 1207 2973 fere
1223 2900 1419 2972 triennium
1444 2899 1540 2993 apud
1564 2902 1751 2983 metuere,

270 3077 342 3124 non
368 3055 515 3124 omnino
545 3046 693 3135 frustra3
727 3075 768 3124 ac
802 3052 918 3122 multo
952 3052 1082 3124 melius
1115 3049 1169 3123 illi
1203 3046 1466 3145 promovissent,
1500 3046 1568 3122 ulfi
1593 3052 1754 3122 extintto

269 3201 382 3298 Rege,
408 3203 529 3274 omnia
553 3197 673 3273 statIm
699 3196 812 3272 effent
837 3201 972 3272 turbari
999 3210 1137 3294 coepta,
1160 3210 1203 3271 ut
1229 3221 1347 3292 neque
1369 3197 1423 3269 illi
1445 3195 1581 3291 justam
1609 3222 1754 3292 operam

268 3375 401 3424 navare
426 3350 549 3432 literis,
567 3373 684 3442 neque
702 3373 778 3445 ego,
797 3349 921 3420 multia
939 3351 1032 3421 curia
1057 3347 1253 3431 distraltue,
1279 3348 1466 3420 commode
1483 3371 1544 3420 eos
1568 3346 1755 3420 instituere

268 3501 469 3594 potuerim
486 3523 595 3592 quare
608 3521 670 3570 eos
683 3494 797 3569 dimisi
813 3507 900 3571 ante
913 3507 1056 3591 tempus
1069 3498 1168 3569 utad
1180 3494 1284 3568 suum
1300 3497 1459 3568 redirent
1478 3493 1753 3579 monasterium

270 3671 423 3740 quorum
441 3649 587 3718 nomina
602 3644 686 3716 sunt
703 3667 796 3738 quae
813 3641 1011 3737 sequuntur
1034 3643 1379 3716 dominus‘Thomas
1402 3643 1570 3738 Tognius,
1588 3644 1753 3714 domiuus

271 3795 391 3867 David
415 3792 544 3878 Duson,
562 3794 728 3865 dominus
744 3793 768 3866 J
770 3815 904 3864 oannes
922 3791 1106 3874 Crauford,
1125 3793 1291 3863 domiuus
1306 3789 1463 3862 Jacobus
1481 3790 1569 3883 Pop,
1587 3790 1752 3861 dominus

270 3945 456 4018 Gilbertus
474 3942 582 4036 Gray.
635 3941 685 4013 Et
703 3945 787 4034 quia
797 3943 874 4033 jam
890 3943 978 4013 mihi
998 3963 1071 4011 non
1087 3939 1185 4021 lIcet,
1201 3961 1267 4032 per
1281 3938 1346 4012 has
1361 3938 1486 4010 turbas
1501 3961 1594 4031 quae
1609 3940 1752 4011 univer-

267 4089 339 4164 sam
358 4091 529 4174 ‚Scotiam
558 4099 778 4184 occuparunt
812 4091 973 4160 extInito
1005 4087 1142 4159 Jacobo
1177 4108 1271 4182 rege,
1307 4087 1422 4158 otium
1456 4110 1619 4160 meorum
1656 4089 1751 4160 tueri

267 4235 474 4324 studiorum,
492 4238 608 4310 rursus
625 4240 767 4310 decrevi
779 4239 895 4332 primo
908 4259 1050 4330 qnoque
1062 4247 1226 4328 tempore
1238 4235 1277 4306 in
1293 4234 1431 4308 Galliae
1447 4236 1573 4308 redire.
1604 4234 1750 4308 Interea

268 4389 354 4460 dum
370 4389 501 4460 haereo
520 4391 557 4459 in
574 4387 716 4482 Kynlos
732 4389 788 4458 his
806 4388 909 4459 annis
925 4386 1068 4467 exattis,
1095 4407 1143 4456 ne
1158 4383 1250 4456 nihil
1271 4384 1436 4468 facerem,
1454 4383 1595 4456 libellos
1611 4381 1748 4474 aliquot

268 4538 329 4627 qui
346 4532 543 4627 sequuntur
558 4536 648 4606 mele
664 4534 886 4607 auditoribus
902 4555 1010 4625 qnam
1031 4528 1231 4625 planillime
1247 4555 1270 4602 a
1280 4531 1429 4602 meliori
1445 4531 1565 4622 potuit
1577 4533 1748 4614 coenari,

268 4684 334 4755 viz.
353 4681 561 4756 Secundum
578 4684 708 4756 librum
727 4682 772 4754 de
790 4685 892 4775 copia
909 4677 1055 4752 Erasmi.
1107 4679 1215 4764 Item,
1239 4677 1452 4751 Orationem
1475 4677 1659 4750 Ciceronis
1683 4703 1748 4773 pro

269 4830 314 4916 Q.
329 4831 484 4925 Ligario.
527 4830 633 4915 Item,
646 4831 808 4901 Primum
820 4829 951 4900 librum
962 4827 1159 4899 officiorum
1171 4827 1364 4898 Ciceronis.
1402 4825 1508 4910 Item,
1526 4825 1748 4900 Dialetticeu

267 4975 490 5073 TrapiIuntii.
545 4979 652 5063 Item,
679 4979 806 5051 Libros
832 4979 953 5050 decem
982 4977 1180 5048 ethicorum
1207 4971 1423 5048 ArIstotelis.
1484 4975 1591 5060 Item,
1616 4976 1749 5070 Topica
