4500 6100
947 765 1132 862 [21]

392 1271 776 1406 [HISTORIA
814 1273 1176 1372 ABBATUM
1220 1191 1719 1371 monasunmu

797 1525 899 1622 nn
940 1523 1283 1659 numios]

342 1863 471 1934 Drv1n
489 1861 699 1934 Scouonun
718 1882 794 1933 xor.
822 1859 914 1944 Rex,
933 1862 988 1932 vir
1004 1860 1111 1954 plane
1129 1862 1282 1944 divinus,
1308 1863 1404 1931 inter
1420 1860 1492 1932 alia
1507 1860 1678 1954 pleraque
1697 1859 1781 1932 suae

293 2009 607 2084 administrationis
623 2013 856 2094 monimenta,
871 2010 1014 2082 oraculo
1031 2011 1188 2103 primum
1200 2032 1265 2103 per
1275 2006 1452 2081 somnium
1469 2011 1683 2093 admonitus,
1698 2011 1782 2080 dein

292 2161 480 2234 columbae
505 2163 632 2232 niveae
650 2161 773 2232 volatu
790 2162 946 2243 eronus,
972 2162 1010 2231 in
1028 2161 1297 2232 venerationem
1322 2155 1559 2253 pientissimae
1585 2160 1718 2232 Matris
1743 2169 1782 2232 et

294 2309 454 2404 Virginis
471 2309 622 2393 Mariae,
649 2311 884 2382 fundamenta
908 2312 1011 2403 ponit
1029 2306 1242 2380 Monasterii
1259 2334 1281 2381 a
1297 2307 1449 2403 Kynlos‚
1471 2306 1714 2382 cisterciensis
1732 2310 1782 2381 sa-

292 2458 421 2542 miliae,
439 2483 534 2531 anno
553 2459 701 2528 Domini
722 2464 827 2528 1141.

341 2607 422 2678 Rex
447 2607 506 2678 hio
530 2616 649 2678 morte
672 2616 888 2701 praeventus
914 2608 1003 2678 nihil
1028 2616 1215 2702 praeterea
1239 2607 1395 2679 eontulit
1422 2605 1642 2680 Monasterio
1672 2633 1780 2701 quam

291 2756 482 2829 Baroniam
500 2781 522 2828 a
539 2755 681 2850 Kynlos
706 2752 825 2828 statim
851 2756 896 2827 ab
921 2757 1025 2827 initio
1050 2757 1292 2829 fundationis:
1319 2758 1477 2830 fodorus
1494 2768 1594 2830 certe
1610 2768 1688 2831 erat
1705 2782 1780 2831 ma-

284 2911 366 3000 jora
382 2906 409 2980 si
426 2904 681 3002 supervixisset.

341 3058 443 3142 Quae
459 3066 602 3151 praeter
622 3057 711 3129 haee
736 3080 832 3128 nuno
856 3051 1008 3150 poffidet
1025 3054 1288 3129 Monusterium
1313 3052 1531 3129 aeoefferunt
1555 3057 1780 3153 benignitate

292 3207 580 3302 subsequentium
607 3206 748 3303 Regum
776 3216 814 3279 et
838 3209 978 3300 piorum
1003 3208 1202 3290 hominum,
1228 3202 1374 3279 diverfis
1399 3216 1523 3279 tamen
1547 3210 1778 3301 temporibus,

293 3370 334 3429 ut
351 3355 595 3454 consignatum
614 3354 667 3430 est
682 3382 704 3429 a
720 3358 823 3429 nobis
839 3354 910 3427 suis
928 3356 1025 3429 loeis.

531 3801 734 3898 [Domana
751 3796 989 3893 Ausnmrus]
1010 3799 1162 3871 Pmuos
1179 3799 1309 3872 Annus
1325 3824 1348 3873 a
1365 3800 1538 3875 Kranos.

341 4100 401 4170 Ad
418 4100 523 4192 hujus
541 4094 752 4171 Monasterii
769 4092 1125 4181 administrationem,
1139 4098 1339 4169 fundatoris
1353 4098 1463 4195 Regis
1476 4095 1603 4184 studio,
1620 4103 1777 4194 primum

292 4250 457 4320 admotus
474 4244 526 4318 est
543 4250 597 4319 vir
612 4250 750 4342 pietate
770 4244 917 4342 insignis
936 4245 1115 4319 Dominus
1132 4246 1326 4319 Anselmus
1351 4252 1487 4341 primus
1511 4251 1620 4322 obbas
1636 4275 1659 4322 a
1675 4248 1778 4344 Kyn-

292 4398 354 4481 los‚
375 4421 469 4469 anno
487 4396 636 4468 Domini
656 4403 762 4479 1141,
788 4398 849 4490 qui
876 4393 955 4489 post
979 4396 1117 4488 aliquot
1142 4418 1255 4468 annos
1280 4394 1364 4469 suae
1388 4395 1711 4482 administrationis,
1738 4410 1776 4472 et

291 4550 448 4629 muneris
464 4550 533 4619 rite
549 4548 736 4641 perfundi,
755 4547 845 4617 obiit
861 4569 955 4618 anno
974 4546 1121 4616 Domini
1144 4553 1248 4629 1157,
1266 4547 1332 4617 eal.
1351 4546 1489 4618 Martii.

341 4698 435 4768 Sunt
464 4699 526 4789 qui
555 4697 712 4768 reserant
741 4697 837 4767 huno
863 4694 1078 4766 Anselmum
1109 4691 1210 4766 fnisse
1239 4718 1287 4765 ex
1316 4694 1515 4790 Hybernia,
1543 4721 1650 4790 quam
1679 4722 1776 4771 nunc

292 4844 486 4917 Irlandiam
504 4853 655 4929 vooant;
685 4867 795 4937 aquo
813 4852 936 4915 tamon
961 4844 1134 4937 prodierit
1160 4840 1382 4915 Monnsterio
1397 4845 1591 4939 hybernioo
1616 4843 1668 4920 est
1693 4873 1777 4921 oon-

292 4991 510 5089 troversum„
551 4992 638 5065 Non
665 4992 793 5065 desunt
819 4995 879 5086 qui
909 4994 1116 5087 praedicent
1144 5018 1165 5065 e
1192 4995 1365 5066 coenobio
1396 4994 1568 5067 Fontanis
1596 4999 1668 5069 huc
1696 5022 1776 5091 pro-
