4500 6100
702 779 1030 854 MONASTERII
1054 778 1092 853 A
1117 779 1344 854 KYNLOS.

345 1204 641 1276 L1rnnarrearuo
659 1221 887 1274 vnruararm
904 1221 1106 1273 mannronr
1124 1221 1276 1273 nonrno
1293 1200 1476 1272 Ronanro
1493 1199 1699 1271 Srnrrrauo

629 1350 843 1422 Surnnronr
860 1371 884 1421 a
902 1348 1006 1421 Dara
1023 1371 1093 1421 ouo
1111 1369 1351 1433 cnanrsamo,
1368 1347 1407 1419 S.

329 1647 498 1718 Connnor
514 1644 750 1740 superioribus
767 1646 902 1727 diebus,
922 1643 992 1716 Vir
1008 1641 1216 1731 suaviffime,
1229 1647 1488 1742 praegrandem
1500 1645 1634 1741 sylvam
1646 1649 1761 1718 moni-

280 1807 485 1870 mentorum
502 1807 705 1870 veteruma
729 1796 880 1890 Kynloa
908 1796 1022 1868 veluti
1046 1797 1235 1867 materiam
1258 1795 1381 1866 saturo
1407 1796 1505 1887 operi
1530 1803 1569 1865 et
1594 1792 1760 1866 historiae

278 1945 457 2016 texendae
472 1944 633 2038 adprimo
649 1938 888 2016 neeessariam.
927 1942 1068 2015 Verum
1084 1945 1123 2013 in
1138 1943 1205 2025 bia,
1217 1943 1387 2036 pleraque
1399 1944 1543 2013 invenio
1559 1941 1760 2015 obscuriora

279 2095 430 2164 nimium
447 2100 485 2164 et
509 2090 639 2163 mutila
663 2093 787 2185 magia,
812 2114 920 2184 quam
946 2101 988 2162 ut
1005 2093 1148 2162 veritati
1172 2087 1339 2163 historiae
1364 2091 1522 2184 oopulari
1548 2092 1656 2186 digne
1674 2090 1760 2164 satis

279 2248 434 2332 queant:
460 2233 526 2310 nisi
542 2239 686 2311 aliunde
711 2237 889 2311 refulserit
912 2239 976 2309 lux
1004 2240 1189 2332 aliquanto
1215 2241 1339 2332 major.
1390 2237 1440 2310 Et
1464 2236 1548 2310 sunt
1572 2242 1610 2311 in
1636 2239 1761 2312 Sootia

279 2389 340 2480 qni
355 2389 412 2458 bis
428 2387 586 2460 tenebris
602 2386 759 2458 multum
776 2387 921 2457 luminis
938 2387 1077 2458 adferre
1101 2382 1241 2479 poffint,
1268 2383 1296 2457 si
1320 2397 1512 2482 rogantum
1537 2391 1633 2483 apud
1660 2412 1758 2482 quoa,

279 2535 421 2606 infinita
436 2530 623 2605 vetustatis
640 2530 770 2628 scripta
785 2531 961 2606 adservari
978 2556 1051 2605 non
1068 2536 1282 2629 ignoramus.
1317 2533 1401 2619 Sed
1414 2535 1555 2606 nullum
1569 2537 1675 2629 plane
1686 2535 1758 2608 scio

279 2683 473 2766 hominem,
491 2683 552 2772 qui
568 2691 645 2752 tam
662 2681 764 2774 nobis
780 2677 885 2774 poffit
902 2690 941 2754 et
957 2681 1046 2752 velit
1064 2684 1291 2754 commodare
1307 2685 1346 2753 in
1362 2684 1431 2756 boe
1447 2706 1565 2777 opere,
1591 2707 1700 2776 quam
1715 2693 1759 2754 tu

280 2853 384 2912 unua,
402 2838 441 2900 et
457 2824 644 2900 vetustatis
661 2826 830 2912 adsertor,
847 2836 886 2900 et
901 2825 1137 2901 studiosorum
1153 2832 1315 2900 omnium
1331 2833 1467 2903 amicus
1492 2832 1652 2924 adprime
1676 2857 1760 2906 ean-

280 2974 505 3069 diduasrmul
522 2987 560 3048 et
577 2978 748 3048 eruditus.
800 2977 957 3048 Proinde
973 2999 1059 3073 rogo
1076 2987 1118 3048 nt
1143 3001 1190 3049 ex
1215 2985 1362 3051 tuorum
1378 2979 1567 3051 Abbatnm
1585 2981 1757 3078 catalogo,

279 3149 449 3219 excerpas
465 3123 492 3197 fi
509 3148 598 3217 quos
614 3127 724 3198 babeo
741 3126 866 3215 (babes
883 3128 980 3197 enim
995 3126 1140 3210 multos,
1157 3123 1243 3219 seio)
1261 3127 1410 3199 abbates
1424 3152 1448 3199 a
1463 3127 1614 3222 Kynlos,
1627 3138 1667 3201 et
1679 3131 1760 3202 illos

279 3277 324 3347 ad
341 3298 400 3347 me
417 3277 551 3347 mittas.
602 3274 641 3345 N
643 3298 684 3345 ee
701 3297 790 3367 opus
807 3270 859 3345 est
876 3274 978 3345 nobie
995 3282 1059 3345 tuo
1071 3275 1118 3346 ad
1134 3275 1227 3347 hanc
1243 3298 1321 3347 rem
1337 3298 1434 3346 nuno
1450 3276 1589 3348 summo
1614 3280 1759 3363 labore;

279 3430 423 3493 tantum
438 3420 664 3493 transeribito
680 3424 717 3493 in
735 3420 895 3492 nostrum
911 3420 1075 3493 libellum
1088 3444 1153 3515 per
1163 3420 1244 3495 suoa
1260 3423 1358 3496 loooa
1374 3425 1489 3496 tribua
1502 3427 1620 3497 verbis
1637 3426 1760 3500 Abba·

281 3581 359 3640 turn
376 3571 531 3653 nomina,
549 3570 720 3653 ordinem,
739 3579 777 3641 et
794 3592 928 3641 annum
946 3570 1091 3643 domini.
1131 3572 1355 3666 Signifiaabia
1368 3575 1479 3644 etiam
1489 3597 1536 3645 an
1546 3576 1613 3645 viri
1624 3574 1759 3645 firerint

278 3717 444 3811 frngales,
462 3739 509 3787 an
525 3739 651 3810 parum
667 3718 762 3812 frugi
786 3718 969 3791 homines:
997 3728 1036 3790 et
1065 3742 1136 3812 quo
1163 3721 1266 3812 padio
1293 3720 1407 3791 evedti
1432 3719 1516 3791 sunt
1544 3723 1590 3794 ad
1618 3730 1759 3794 tantam

281 3864 504 3959 dignitatem,
519 3886 565 3935 an
578 3866 748 3937 canonice
761 3864 819 3936 vel
831 3887 895 3958 per
904 3866 1139 3937 ambitionem
1149 3869 1280 3961 potine.
1332 3868 1525 3940 Praeterea
1536 3871 1681 3964 adjicies
1690 3872 1758 3955 his,

279 4012 432 4105 paucula
448 4013 623 4104 quaedam
641 4012 686 4082 de
702 4014 817 4105 primo
835 4008 951 4083 vestro
968 4013 1099 4085 abbate
1116 4022 1155 4086 et
1171 4016 1356 4086 monachia
1372 4014 1443 4087 illis
1460 4019 1522 4109 qui
1542 4041 1625 4088 eum
1650 4042 1694 4091 eo
1711 4044 1759 4093 ex

279 4156 422 4250 Kynlos
438 4160 592 4251 primum
609 4159 680 4230 hue
697 4161 986 4253 commigrarunt.
1020 4161 1078 4232 Ao
1091 4163 1233 4253 quoties
1243 4161 1408 4235 Abbatea
1421 4188 1467 4237 ex
1480 4165 1622 4259 Kynloa
1634 4192 1758 4261 aeeep

280 4308 389 4376 eritis.
428 4303 500 4389 Qui
518 4307 626 4377 etiam
644 4326 691 4377 ex
707 4302 841 4389 vestris,
859 4306 905 4377 ad
922 4306 1064 4400 Kynloa
1080 4310 1256 4393 venerint,
1273 4320 1445 4404 tanquam
1457 4310 1614 4408 pastores
1629 4316 1759 4386 radior-

280 4451 395 4545 esque.
434 4452 484 4525 Et
501 4451 528 4525 sr
546 4454 631 4548 quid
648 4462 834 4547 praeterea
848 4455 959 4527 habea
976 4460 1149 4531 memoria
1165 4460 1324 4554 dignum,
1338 4464 1441 4533 nobie
1453 4466 1757 4536 communicatum

280 4601 388 4672 voles.
439 4602 546 4684 Quod
573 4598 599 4671 s1
630 4604 766 4686 feeeris,
794 4602 925 4674 ourabo
950 4603 1131 4699 intelligas
1160 4614 1199 4677 te
1223 4630 1448 4701 naquaquam
1473 4606 1587 4683 lusrffe
1611 4634 1757 4706 operam

281 4747 463 4819 adversum
481 4772 563 4819 eum
581 4753 643 4842 qui
660 4759 698 4821 te
723 4752 829 4821 unioe
858 4750 994 4845 diligat,
1020 4773 1103 4823 oum
1132 4762 1212 4825 toto
1241 4762 1304 4826 tuo
1334 4756 1525 4829 conventu
1554 4769 1593 4832 et
1608 4759 1756 4836 Abbate

278 4898 423 4989 optimo.
475 4896 579 4969 Vale.
597 4896 708 4990 Apud
725 4896 878 4991 Kynloa,
894 4899 983 4990 prid.
1001 4921 1085 4970 non.
1105 4898 1192 4971 Feb.
1213 4907 1318 4981 1537.
1336 4901 1485 4976 Calculo
1502 4906 1570 4978 Ro.

489 5043 587 5114 Tuus
604 5068 649 5115 ex
667 5047 796 5129 animo,
813 5044 838 5115 J
840 5064 988 5117 oauuna
1006 5046 1228 5120 Fnannnma
1244 5048 1545 5125 Pedemontanus.

988 5194 1050 5288 a†
