4500 6100
681 708 1011 785 MONASTERII
1036 708 1074 789 A
1099 706 1326 783 KYNLOS.
1695 712 1743 787 67

252 906 456 999 publicum,
475 908 572 999 quod
588 916 729 990 vocant,
747 902 1034 990 instrumentum,
1051 904 1189 977 Jaccbo
1205 905 1309 999 Rege
1333 904 1410 996 ejus
1434 904 1591 977 uominie
1615 912 1743 995 quarto

254 1055 528 1149 comprobante,
557 1056 670 1151 redigi
699 1057 852 1128 curarit.
901 1052 1041 1126 Extant
1071 1062 1109 1125 ct
1138 1053 1219 1137 alia,
1248 1076 1332 1125 cum
1361 1054 1588 1123 dominorum
1615 1052 1743 1145 parlia-

253 1205 376 1283 menti
401 1212 482 1275 tum
507 1203 618 1298 Regis
635 1199 743 1297 ipfius
759 1203 805 1277 ad
820 1203 914 1275 hanc
930 1224 1007 1273 rem
1028 1202 1183 1285 decretu,
1200 1224 1293 1293 quae
1309 1203 1348 1273 in
1363 1199 1584 1295 posterorum
1608 1224 1744 1275 memo.-

254 1351 348 1435 riam
373 1345 640 1445 diligentissrme
657 1351 752 1445 apud
770 1348 911 1444 Kynioe
927 1344 1153 1423 asservantur.

307 1497 503 1591 Deinceps,
520 1494 619 1590 quasi
635 1499 817 1571 fortunam
833 1498 1051 1573 arridentem
1068 1495 1131 1568 suo
1147 1499 1289 1569 muneri
1314 1494 1511 1590 accepisset,
1537 1498 1576 1568 in
1600 1498 1742 1589 maiori-

257 1645 326 1715 bue
356 1644 550 1737 periclitari
580 1646 705 1718 voluit.
771 1644 830 1719 Ac
862 1648 1017 1739 priorem
1046 1671 1068 1718 a
1098 1642 1288 1717 Pluscarde
1321 1646 1507 1717 domiuum
1540 1644 1742 1717 Robertum

260 1790 416 1865 Harwor
436 1803 579 1887 praeter
595 1816 735 1887 aequum
752 1791 965 1887 piscationes
978 1818 1000 1865 a
1013 1792 1204 1865 Fornaneu
1220 1800 1466 1887 occupantem,
1483 1816 1593 1885 porro
1609 1802 1742 1865 conatu

259 1937 322 2011 sed
347 1942 502 2034 pecunia
525 1942 660 2034 majore
685 1942 737 2014 itc
761 1943 902 2013 attrivit
926 1948 1006 2013 toto
1031 1943 1198 2026 triennio,
1224 1949 1267 2013 ut
1291 1942 1481 2013 dimidium
1507 1940 1615 2027 illine,
1640 1943 1742 2034 cujue

260 2090 377 2180 gratia
393 2087 497 2159 litem
514 2090 677 2173 inivcrat,
694 2090 733 2159 in
750 2097 965 2181 perpetuum
982 2091 1172 2182 acceperit.

311 2236 411 2308 Huic
429 2238 526 2329 operi
542 2233 704 2308 succeffit
721 2260 804 2309 cum
822 2235 976 2329 quodem
994 2234 1050 2307 Μ.
1069 2236 1228 2331 Hugone
1245 2235 1397 2308 Martini
1423 2241 1611 2310 contentio
1635 2238 1744 2332 plena

261 2382 451 2455 laboribus.
499 2381 703 2476 Acceperat
718 2384 791 2467 ille,
805 2381 922 2455 nescio
935 2406 982 2455 an
997 2379 1170 2455 industria
1185 2384 1319 2476 majore
1335 2407 1383 2454 en
1399 2384 1482 2455 dolo
1499 2385 1595 2457 malo
1611 2388 1742 2478 potine,

261 2527 498 2625 subscriptum
523 2554 545 2602 a
569 2530 671 2626 Rege
697 2531 863 2625 diploma,
889 2553 961 2623 qno
982 2532 1177 2603 cavebatur
1197 2540 1241 2602 ut
1262 2532 1381 2602 eidem
1401 2530 1550 2626 Hugoni
1572 2534 1743 2624 quamdiu

264 2680 400 2751 vireret
430 2680 616 2754 definitam
646 2681 837 2781 quotannis
865 2680 1065 2773 pecuniam,
1095 2680 1164 2750 hoc
1190 2675 1254 2762 est,
1281 2678 1389 2751 librae
1418 2676 1566 2751 scoticae
1594 2688 1742 2751 centum

262 2824 489 2923 septuaginta
504 2835 756 2901 annumeraret
782 2826 891 2898 abbae
921 2851 944 2898 a
972 2825 1125 2921 Kynloe.
1178 2825 1347 2920 Negabat
1371 2828 1481 2899 ebbae
1498 2826 1535 2897 se
1551 2829 1743 2920 quicquam

265 2975 400 3048 homini
418 2977 548 3048 debere
574 2976 669 3070 quod
685 2974 748 3046 suo
771 2971 983 3047 monasterio
1009 2972 1219 3047 damnosum
1243 2969 1339 3046 esset.
1390 2974 1526 3046 Contra
1549 2974 1623 3060 ille,
1640 2972 1744 3047 suum

259 3123 318 3214 jue
350 3133 391 3196 et
424 3125 600 3219 Principia
634 3125 801 3208 favorem,
835 3147 906 3216 quo
936 3134 1024 3197 tunc
1052 3147 1117 3218 pro
1146 3124 1293 3196 arbitrio
1321 3125 1502 3208 utebatur,
1532 3125 1745 3217 objettebat.

267 3269 349 3343 Post
366 3271 541 3366 septennii
558 3274 829 3346 contentionem
858 3279 897 3346 et
922 3270 1118 3367 impensam
1144 3272 1245 3344 mille
1273 3272 1445 3345 librarum
1470 3270 1681 3346 scoticarum
1707 3275 1746 3344 in

268 3418 329 3491 lite
358 3443 423 3514 per
446 3421 624 3504 abbatem,
643 3419 699 3491 M.
729 3420 791 3492 ille
821 3420 942 3516 Hugo,
970 3420 1094 3492 causae
1118 3418 1212 3504 suae,
1237 3422 1388 3492 mutatis
1413 3429 1599 3512 utcunque
1627 3422 1743 3504 rebus,

268 3567 429 3640 diffidens
444 3571 540 3662 pecie
561 3570 785 3641 conditiones
802 3570 847 3640 ab
864 3563 1206 3660 abbatcpropositae
1223 3566 1351 3639 lubens
1367 3568 1529 3659 accepit:
1547 3575 1586 3638 et
1602 3575 1745 3660 poterat

268 3717 426 3809 opprimi,
444 3711 471 3785 fi
487 3717 596 3788 abbae
621 3726 787 3810 coeptam
805 3715 908 3787 litem
934 3713 1045 3808 usque
1068 3717 1107 3786 in
1132 3715 1241 3786 finem
1265 3710 1428 3806 persequi
1446 3709 1619 3786 voluisset.
1670 3713 1744 3785 Sed

267 3861 383 3936 secum
400 3864 590 3956 reputabat
607 3866 661 3934 vir
676 3866 832 3957 prudens
853 3885 1078 3957 nequaquam
1096 3859 1164 3936 eise
1181 3864 1346 3934 fortunae
1357 3861 1559 3934 blandienti
1574 3863 1744 3934 nimirum

270 4011 459 4095 fidendum,
485 4033 531 4082 ne
549 4006 575 4081 fi
591 4011 733 4082 refloret
759 4012 876 4082 denuo
902 4031 984 4082 cum
1011 4009 1066 4080 M.
1086 4008 1243 4104 Hugone
1267 4032 1399 4081 noram
1425 4010 1528 4081 litem
1556 4011 1745 4082 intendere

270 4165 458 4251 oporteret.
519 4157 649 4251 Itaque
683 4153 846 4250 expensus
879 4158 972 4229 bene
1004 4157 1050 4230 ad
1080 4164 1271 4249 utrumque
1300 4168 1441 4251 partem
1469 4158 1743 4238 conditionibus,

269 4327 427 4380 aunuum
442 4304 547 4376 illum
560 4302 705 4378 censum
718 4312 758 4376 et
769 4313 993 4398 perpetuum,
1007 4304 1106 4376 libris
1118 4303 1260 4377 scoticie
1271 4307 1452 4402 odcoginta
1467 4304 1576 4379 semel
1592 4305 1744 4392 traditis,

269 4453 304 4522 in
321 4459 443 4521 totum
459 4449 597 4544 sopivit.

317 4595 395 4672 Vix
413 4597 498 4668 dum
515 4621 598 4670 cum
616 4597 671 4670 M.
690 4598 847 4694 Hugone
865 4609 997 4694 egerat,
1015 4609 1053 4672 et
1069 4603 1233 4693 protinus
1256 4622 1340 4672 eum
1356 4597 1509 4693 suscepit
1524 4597 1745 4674 adversarior

269 4743 529 4816 alterJoannee
542 4753 781 4838 cognomento
794 4745 946 4817 Oumein
961 4747 1125 4819 dominus
1142 4749 1188 4818 ab
1201 4743 1409 4819 Ernishede.
1453 4747 1502 4832 Is,
1519 4749 1566 4820 ob
1578 4749 1746 4822 viciniam

267 4893 343 4986 agri
360 4888 414 4961 sui
431 4913 512 4962 curn
529 4889 752 4976 monasterio,
776 4894 821 4966 de
844 4893 1093 4986 promovendis
1113 4893 1245 4965 finibus
1266 4890 1461 4988 iungebat.
1515 4865 1641 4970 Abbae
1661 4919 1746 4968 vero

1009 5061 1022 5110 1
