4500 6100
660 818 988 895 MONAS'I'ERII
1013 819 1049 892 A
1076 820 1301 895 KYNLOS.
1682 832 1729 907 73

258 1018 407 1090 intendit
432 1016 564 1099 oculos,
594 1013 692 1108 quali
717 1015 808 1087 nihil
833 1014 995 1088 laborum
1022 1042 1063 1090 ac
1081 1039 1247 1090 curarum
1270 1014 1343 1090 suia
1357 1014 1506 1111 posteris
1525 1020 1728 1114 relinquere

257 1168 381 1260 cupiat.
423 1165 524 1237 Duae
549 1163 758 1235 moletrinaa
782 1165 877 1257 apud
895 1163 1073 1259 Strathily
1089 1165 1301 1287 qedificavit.
1349 1165 1394 1237 In
1411 1164 1564 1259 Kynlce,
1582 1169 1730 1241 domum

254 1312 333 1386 satia
361 1312 517 1406 amplam
545 1310 591 1383 ad
619 1314 789 1383 torrenda
820 1334 931 1407 grana
963 1312 1167 1405 priusquam
1195 1314 1234 1383 in
1263 1310 1491 1384 moletriuam
1522 1314 1731 1387 deferantur

254 1464 376 1545 erexit,
394 1483 501 1553 quam
523 1456 695 1531 ustrinam
719 1460 865 1531 nomine
890 1459 1083 1530 admodum
1109 1468 1194 1553 apto
1215 1460 1334 1531 dicere
1359 1456 1474 1553 poffia
1526 1460 1586 1545 Et,
1603 1472 1647 1534 ut
1663 1466 1730 1535 mi-

253 1608 380 1680 nutula
406 1604 596 1701 persequar
628 1629 701 1679 non
730 1608 849 1678 minua
878 1615 1001 1679 tamen
1031 1602 1234 1689 neceffaria
1268 1606 1498 1680 moletrinam
1527 1633 1550 1681 a
1575 1608 1727 1702 Kynloe,

252 1756 494 1829 ambulacrum
511 1778 534 1825 a
548 1752 724 1847 peristylia
746 1749 970 1846 claustroque
986 1753 1032 1826 ad
1049 1756 1314 1849 aegrotantium
1338 1758 1595 1829 monachorum
1612 1760 1728 1842 aedes,

252 1902 490 1999 religiosorum
508 1902 675 1985 culinam,
692 1910 731 1973 et
748 1902 895 1972 domum
919 1902 1090 1993 majorem
1107 1903 1171 1974 ubi
1187 1900 1364 1975 salmonea
1380 1902 1476 1975 saliti
1491 1900 1728 1990 ass'ervantur3

252 2054 338 2125 haec
372 2055 492 2123 omnia
519 2054 557 2121 in
590 2050 871 2143 contignatione,
904 2049 1086 2134 tabulatis,
1120 2047 1300 2143 postremo
1334 2060 1373 2122 et
1405 2053 1501 2123 tecto
1538 2056 1727 2147 reparavit.

253 2200 378 2272 Erexit
403 2208 441 2271 et
467 2202 613 2271 domum
639 2198 789 2269 alteram
818 2195 1005 2291 lapideam,
1036 2197 1140 2292 supra
1164 2196 1418 2271 monasterium
1448 2202 1494 2271 ad
1521 2200 1593 2272 duo
1617 2202 1731 2273 millia

253 2344 420 2440 paduam,
438 2347 501 2418 ubi
516 2344 692 2419 salmonea
709 2344 846 2437 cymbia
864 2354 902 2416 et
918 2346 1055 2417 retibus
1072 2349 1170 2439 capti
1186 2370 1283 2418 nunc
1300 2342 1528 2419 affervantur.

300 2489 501 2567 Studiofiuc
518 2496 629 2564 etiam
647 2493 691 2563 ad
708 2515 784 2563 reru
801 2490 934 2564 sacram
952 2493 1152 2564 faciendam
1177 2492 1302 2585 suique
1325 2492 1533 2566 monasterii
1559 2496 1728 2566 decorum

253 2644 418 2736 pleraque
443 2649 613 2735 argentea
629 2637 719 2723 vasa,
736 2637 849 2710 sacras
866 2637 991 2723 vestes,
1018 2650 1056 2711 et
1074 2642 1111 2711 id
1126 2664 1241 2734 genua
1266 2640 1336 2713 alia
1351 2664 1372 2712 c
1389 2644 1590 2714 continenti
1615 2642 1731 2714 Galli·

253 2813 350 2861 arum
368 2799 406 2860 et
420 2788 609 2861 Flandriac
626 2790 664 2857 in
678 2784 819 2880 Kynloa
836 2788 975 2881 mugnis
992 2785 1158 2881 impenfia
1175 2788 1303 2860 advehi
1320 2791 1469 2861 curavit.
1508 2789 1575 2873 Ac,
1593 2798 1727 2861 utrem

252 2936 359 3029 ipsam
384 2940 421 3007 in
447 2936 607 3006 ordinem
633 2934 790 3027 aliquem
813 2935 1017 3019 referamus,
1044 2938 1089 3009 dc
1115 2934 1262 3031 fingulia
1282 2938 1341 3009 hic
1366 2934 1462 3030 quali
1488 2962 1553 3031 per
1569 2937 1729 3009 transen-

252 3109 332 3158 nam
351 3097 388 3157 ct
404 3087 521 3156 obiter
538 3086 738 3155 viderimus.
792 3084 836 3154 In
854 3087 986 3177 primic,
1004 3087 1148 3158 thecam
1166 3095 1373 3181 argenteam
1391 3087 1468 3176 (vac
1484 3083 1730 3159 Eucharistiae

252 3235 357 3330 vulgo
387 3235 526 3317 dicitur,
556 3235 593 3304 id
622 3232 684 3316 est,
714 3231 894 3305 sanctificii
922 3229 1069 3304 crustuli
1094 3233 1301 3306 sacrosandti
1325 3235 1496 3328 panificii)
1527 3235 1659 3307 affabre
1691 3245 1730 3306 et

252 3383 365 3454 multo
382 3383 579 3454 confedam
609 3405 715 3474 opere
741 3383 786 3452 ad
811 3379 1090 3473 sesquicubitum
1115 3380 1189 3453 sese
1217 3381 1447 3455 attollentem
1463 3392 1503 3454 ct
1518 3387 1732 3476 nonqpccni-

252 3533 361 3602 tendo
377 3532 537 3624 pondere
554 3533 591 3600 in
609 3527 750 3622 Kynloc
767 3531 924 3600 advexit.
976 3527 1144 3602 Alteram
1161 3531 1250 3600 item
1262 3530 1415 3612 thecam,
1433 3531 1561 3601 eodem
1579 3535 1729 3604 artificio

252 3689 288 3750 et
305 3701 421 3773 opere,
438 3678 546 3772 paulo
564 3685 708 3749 tantum
724 3678 861 3748 minore
877 3678 994 3769 priore
1013 3676 1133 3768 (hujus
1150 3679 1187 3746 in
1204 3676 1407 3747 meditullio
1424 3676 1497 3747 divi
1515 3675 1727 3772 Hieronymi

252 3851 295 3898 cx
321 3835 470 3921 argento
488 3825 621 3922 effigies
639 3825 756 3896 eretta
772 3822 839 3918 est)
858 3826 895 3896 in
914 3825 1182 3895 venerationem
1205 3819 1319 3895 osseae
1334 3824 1532 3916 particulae
1549 3825 1621 3894 divi
1639 3825 1729 3896 Hie-

251 3977 388 4069 ronymi
413 3997 520 4067 quam
543 3973 618 4044 illic
634 3969 757 4066 postea
780 3967 933 4054 inclufit‚
953 3972 1131 4065 adportari
1152 3973 1300 4043 curavit.
1352 3971 1412 4054 Et,
1430 3972 1475 4044 ad
1492 3969 1728 4044 ministerium

252 4120 493 4204 sacrificorum,
528 4129 682 4214 quatuor
710 4128 899 4214 argenteon
928 4120 1058 4192 culices
1091 4117 1373 4211 quaquaversum
1407 4120 1606 4204 deauratos,
1641 4124 1728 4193 duaa

250 4269 394 4361 phialae,
419 4266 624 4362 pollubrum
646 4287 817 4361 magnum
842 4264 935 4348 satis,
962 4273 1000 4336 et
1017 4267 1062 4336 ad
1079 4266 1340 4339 infundendam
1356 4269 1395 4339 in
1411 4267 1581 4340 malluvio
1598 4293 1726 4360 aquam
1781 4319 1785 4324 ,

250 4425 405 4510 guttum,
419 4415 642 4488 thuribulum
655 4416 692 4485 in
705 4437 776 4508 quo
789 4414 874 4484 thus
891 4413 1074 4497 adoletur;
1101 4417 1223 4486 omnia
1238 4416 1327 4486 haec
1339 4423 1518 4509 argentea,
1535 4412 1598 4486 sua
1610 4439 1726 4507 opera,

251 4561 318 4635 suis
334 4560 511 4656 impensis,
531 4565 568 4634 in
585 4562 687 4635 sunm
705 4561 961 4635 monasterinm
977 4565 1126 4634 invexit.

297 4709 424 4804 Atque
433 4713 471 4782 in
484 4708 585 4782 usum
597 4709 740 4782 mensae
751 4709 835 4782 suaa
846 4719 988 4803 paterae
1000 4709 1062 4783 seu
1075 4718 1230 4783 crateras
1240 4717 1394 4801 quatuor
1403 4718 1589 4805 argenteae
1603 4710 1726 4806 (vulgo
1848 4752 1855 4764 ·

250 4853 366 4930 talliae
384 4858 524 4953 dicunt)
537 4860 679 4943 coemit,
693 4881 843 4952 quarum
859 4862 922 4930 uni
940 4859 1078 4931 accedit
1091 4868 1130 4930 et
1143 4865 1352 4953 argenteum
1365 4859 1584 4953 operculum.
1624 4860 1727 4932 Emit

251 5015 286 5076 et
302 5004 365 5078 sex
383 5025 553 5078 cumanos
566 5027 613 5076 ex
629 5015 778 5100 argento
791 5005 928 5090 calices,
941 5002 1013 5076 five
1025 5005 1130 5077 malie
1142 5006 1253 5078 obbae
1264 5015 1329 5079 cut
1341 5005 1580 5101 sephunculoa
1593 5007 1725 5102 (plebei
