4500 6100
665 810 995 887 MONASTERII
1019 814 1057 884 A
1084 812 1309 889 KYNLOS.
1681 823 1724 887 81

305 1008 400 1081 luter
429 1030 553 1079 omues
586 1010 733 1080 tandem
752 1010 886 1079 domini
911 1010 1068 1084 Thomae
1093 1014 1234 1085 abbatia
1259 1020 1419 1095 conatus,
1445 1012 1508 1084 ille
1529 1008 1729 1107 potiffimus

264 1152 386 1252 semper
402 1160 515 1230 rideri
533 1159 675 1250 poterit,
701 1180 772 1250 quo
790 1160 905 1229 virum
923 1182 1005 1230 cum
1028 1160 1143 1232 literis
1165 1170 1245 1233 tum
1262 1161 1422 1232 civilium
1440 1184 1605 1233 curarum
1629 1182 1731 1254 pree·

263 1306 443 1378 callentem
457 1306 657 1377 Robertum
671 1305 765 1376 Reid
781 1308 819 1376 in
835 1302 1063 1379 successorem
1080 1312 1290 1381 nominarit.
1330 1308 1451 1403 Hujus
1464 1310 1616 1381 Roberti
1633 1333 1729 1380 nunc

259 1460 442 1549 prudentia
458 1468 496 1529 et
513 1458 699 1552 vigilantia
714 1466 817 1529 tanta
833 1454 887 1528 est
903 1466 942 1529 et
959 1458 1055 1529 domi
1073 1465 1111 1529 et
1128 1458 1223 1541 foris,
1241 1465 1413 1550 quantam
1430 1460 1491 1529 vix
1508 1481 1573 1552 per
1588 1460 1731 1529 univer-

258 1606 324 1677 sam
342 1606 500 1678 Scotiam
519 1608 557 1676 in
574 1606 688 1678 altero
705 1605 886 1689 offendas;
913 1605 1003 1676 nihil
1019 1628 1188 1697 unquam,
1206 1606 1265 1678 vel
1281 1608 1320 1676 in
1336 1605 1510 1700 religione
1526 1630 1599 1677 non
1615 1605 1729 1676 solnm
1761 1628 1767 1639 ’

256 1752 470 1826 honestanda
478 1752 538 1825 sed
555 1755 744 1825 retinenda
757 1776 908 1845 quoque,
922 1749 1122 1847 appositum
1136 1756 1250 1848 magis
1263 1750 1333 1825 eise
1346 1755 1491 1825 dixeris.
1530 1755 1574 1826 In
1588 1756 1730 1847 reipub-

257 1904 341 1975 licae
358 1926 443 1973 vero
460 1902 719 1995 multiplicibus
736 1902 830 1972 curis
847 1902 936 1971 nihil
954 1924 1111 1995 unquam
1125 1903 1332 1995 vigilantius
1349 1906 1536 1975 autetiam
1550 1907 1733 1998 incorrup-

257 2056 325 2125 tius
353 2061 463 2144 atque
492 2051 695 2143 expeditius
723 2052 844 2122 videre
873 2052 1017 2142 poteris.
1069 2049 1202 2121 Faxint
1232 2049 1362 2144 Superi
1391 2062 1433 2123 ut
1462 2052 1526 2125 illa
1553 2076 1661 2146 quam
1688 2054 1733 2124 de

255 2204 396 2273 homine
413 2222 537 2272 omnes
554 2200 628 2270 fere
648 2200 875 2291 concepimus
889 2200 1186 2290 expetistiouem,
1203 2198 1394 2290 aliquando
1411 2204 1599 2294 potiamur.
1641 2201 1734 2273 Tum

258 2348 401 2443 copiose,
432 2355 555 2420 tantae
584 2349 635 2417 rei
661 2346 820 2418 authoris
850 2347 973 2417 laudes
1002 2346 1325 2430 annumerabimus,
1355 2356 1394 2418 et
1420 2348 1571 2419 Roberti
1596 2313 1746 2421 abbatiss

230 2556 240 2575 ,
258 2500 365 2580 dotes,
378 2500 417 2567 in
429 2504 582 2588 utroque
593 2496 739 2567 homine
752 2497 936 2577 maximas,
950 2492 1065 2565 soluta
1077 2493 1136 2565 vel
1149 2493 1336 2566 numerosa
1352 2498 1513 2567 oratione
1524 2516 1733 2589 pangemus,

257 2648 378 2718 acriori
403 2647 491 2715 item
520 2608 654 2737 spiritu.
707 2642 766 2714 Sic
793 2665 945 2734 aequum
976 2640 1028 2712 est
1053 2644 1196 2734 utrique
1225 2666 1306 2713 meo
1337 2643 1555 2725 Mecaeuati,
1581 2665 1732 2734 quorum

258 2794 428 2867 beneficio
453 2788 592 2863 nostrae
621 2813 718 2862 nunc
743 2788 917 2883 respirant
947 2789 1086 2873 Musae,
1115 2786 1142 2859 si
1173 2814 1246 2863 non
1274 2814 1408 2883 parem,
1433 2789 1561 2862 saltem
1590 2791 1731 2863 candidi

259 2946 363 3015 animi
381 2966 466 3036 erga
487 2939 567 3011 illor
584 2942 734 3035 gratiam
752 2938 943 3030 aliquando
958 2940 1101 3009 referre.
1153 2938 1235 3009 Hoc
1252 2940 1340 3009 velit
1358 2936 1528 3031 Optimus
1546 2937 1732 3010 Maximus

258 3093 279 3162 J
281 3091 357 3164 esus
374 3101 416 3162 ut
433 3099 585 3181 utroque
610 3089 739 3160 abbate
761 3086 865 3170 selvo,
884 3096 922 3160 et
938 3089 1051 3170 nobis,
1075 3113 1118 3160 ea
1135 3112 1227 3181 qnae
1243 3113 1340 3160 nunc
1357 3090 1476 3159 animo
1493 3091 1731 3183 concepimus

260 3243 293 3310 in
310 3241 429 3312 lucem
447 3238 636 3330 aliquando
654 3235 784 3329 scripta
800 3237 957 3330 proferre
975 3237 1165 3310 valeamus.

305 3389 349 3460 In
365 3386 564 3481 praeseutia
577 3388 669 3457 forte
686 3408 817 3477 equum
832 3387 941 3456 suerit
958 3386 1041 3456 huic
1059 3389 1203 3480 negotio
1220 3388 1328 3457 finem
1346 3389 1539 3479 imponere,
1552 3385 1733 3479 quousque

260 3537 352 3607 aliud
370 3538 556 3628 contingat
573 3535 719 3628 cognitu
737 3531 966 3616 simillimum,
983 3533 1041 3604 vel
1060 3535 1168 3605 etiam
1187 3535 1312 3624 majus.

306 3683 408 3756 Haec
426 3685 535 3777 igitur
559 3683 671 3754 ferme
696 3679 778 3752 sunt
804 3682 938 3751 domini
954 3679 1112 3751 Thomae
1137 3679 1277 3751 abbatis
1295 3681 1332 3748 in
1358 3690 1510 3770 utraque
1527 3682 1603 3751 vita
1624 3702 1732 3772 opera

259 3835 368 3926 magis
394 3827 552 3925 iusignia,
583 3853 674 3923 quae
703 3853 768 3900 nos
792 3837 916 3900 extare
941 3829 1181 3922 cognovimus.
1232 3827 1338 3900 Vivit
1363 3828 1489 3910 adhuc,
1515 3837 1552 3898 et
1576 3827 1655 3921 spes
1680 3826 1733 3899 est

260 3981 359 4062 boun,
378 4001 461 4049 eum
479 4002 551 4049 uon
567 4001 681 4072 pauca
704 3977 811 4071 longe
828 3977 963 4068 optima
980 3983 1197 4047 curaturum.
1249 3976 1294 4046 Id
1310 3971 1472 4046 Christus
1488 3983 1531 4044 ut
1548 3976 1732 4057 concedat,

260 4149 330 4198 una
363 4149 450 4198 voce
487 4149 611 4198 omnes
644 4127 772 4217 quibus
810 4118 1005 4194 intercessit
1044 4145 1126 4193 cum
1165 4123 1310 4194 homine
1343 4123 1566 4195 familiaritas
1596 4123 1733 4218 jugiter

261 4276 498 4367 deprecamur.
548 4273 679 4345 Amen.

935 4477 1051 4537 FINIS.
