4500 6100
504 792 549 865 66
970 786 1220 861 HISTORIA
1245 786 1506 861 ABBATUM

503 982 538 1056 se
555 985 738 1057 bominem
754 993 907 1078 raperet,
923 984 1042 1057 noluit
1060 994 1185 1057 tamen
1201 1009 1266 1078 per
1280 982 1508 1058 oscitantiam
1529 982 1757 1053 committere
1774 992 1827 1066 ut,
1846 984 1981 1075 privato

503 1128 629 1215 studio,
650 1132 909 1225 rempublicam
934 1156 1042 1225 quam
1067 1130 1267 1227 susceperat
1283 1129 1598 1204 administrandam
1614 1132 1778 1203 funditus
1795 1144 1982 1205 everteret.

505 1278 564 1352 Ita
575 1278 694 1353 secum
710 1282 1010 1353 ratiocinabatur:
1028 1303 1112 1352 eum
1130 1284 1191 1373 qui
1208 1281 1297 1352 velit
1313 1284 1351 1351 in
1368 1283 1483 1351 literis
1499 1282 1680 1375 egregiam
1691 1303 1824 1352 navare
1840 1306 1983 1375 operam

505 1430 623 1501 ocium
656 1451 720 1522 per
750 1430 871 1501 omnia
900 1429 1087 1523 complecti
1117 1438 1311 1523 oportere;
1344 1428 1380 1500 se
1410 1452 1477 1500 nac
1507 1425 1602 1521 posse
1633 1429 1671 1498 id
1699 1428 1888 1521 praestare,
1918 1456 1984 1503 nee

504 1572 693 1648 honestum
722 1577 886 1649 futurum
910 1572 937 1647 fi
957 1574 1061 1648 suum
1083 1599 1215 1649 munus
1239 1580 1380 1671 privato
1404 1575 1650 1654 emolumento
1667 1577 1859 1649 fraudaret.
1911 1579 1984 1651 Ve-

504 1726 628 1797 niebat
645 1726 756 1795 etiam
773 1725 808 1795 in
828 1734 989 1797 mentem
1006 1724 1070 1809 illi,
1088 1719 1291 1817 compositis
1315 1733 1501 1815 utcunque
1522 1725 1638 1806 rebus,
1656 1725 1693 1794 id
1709 1726 1805 1817 quod
1831 1723 1896 1797 fibi
1914 1750 1984 1797 non

505 1870 656 1944 licuisset
672 1896 737 1967 per
754 1872 891 1964 aliquot
903 1875 1096 1945 monachos
1108 1871 1146 1943 se
1159 1874 1289 1943 deinde
1302 1868 1591 1943 instauraturum.
1626 1871 1733 1956 Quod
1746 1876 1857 1945 etiam
1867 1874 1985 1947 effecit

505 2029 547 2091 ut
563 2018 687 2113 postea
702 2022 911 2091 indicamus.
963 2020 1092 2112 Itaque
1117 2022 1226 2091 remis
1242 2030 1281 2091 et
1297 2019 1387 2091 velia
1405 2019 1515 2112 (quod
1532 2022 1649 2113 aiunt)
1666 2021 1773 2113 hujus
1789 2020 1859 2093 loci
1876 2025 1987 2093 admi-

506 2164 762 2249 nistrationem,
788 2167 920 2239 relictis
946 2168 1089 2239 iuterim
1114 2164 1356 2261 philosophiae
1380 2162 1515 2249 studiis,
1539 2162 1716 2261 aggressus
1741 2164 1814 2251 ast3
1843 2194 1887 2241 aa
1911 2194 1986 2241 rem

506 2316 603 2388 illico
619 2317 866 2410 perturbatam
883 2324 1036 2399 tentare,
1062 2324 1100 2387 et
1117 2316 1334 2387 exulceratis
1358 2316 1465 2386 rebus
1489 2317 1637 2386 modum
1659 2316 1815 2409 aliquem
1832 2315 1987 2390 statuere

507 2466 711 2537 conabatur.
764 2464 845 2537 Nec
866 2463 1106 2558 despondebat
1131 2466 1301 2547 animum,
1328 2466 1364 2534 iu
1390 2487 1430 2535 re
1454 2487 1548 2557 pene
1572 2466 1798 2549 intrattabili,
1824 2467 1987 2537 futurum

509 2610 717 2687 existimans
733 2616 778 2685 de
799 2614 947 2685 meliore
970 2611 1108 2707 semper
1124 2636 1243 2684 rerum
1260 2609 1415 2684 successu
1432 2613 1587 2703 aliquid:
1613 2614 1705 2683 nihil
1729 2615 1827 2684 enim
1843 2616 1989 2687 videbat

508 2766 545 2833 in
571 2766 639 2837 bac
664 2765 740 2835 rita
767 2763 853 2834 boni
882 2762 1093 2835 mortalibus
1123 2758 1323 2832 concessum
1352 2756 1427 2831 fine
1450 2759 1577 2831 sudore
1605 2758 1826 2856 gravissim03
1860 2772 1900 2835 et
1924 2762 1988 2834 usu

509 2914 641 2995 venire,
669 2920 711 2982 ut
736 2911 775 2981 hi
797 2907 910 2981 solum
933 2908 1003 2981 suis
1033 2912 1124 2981 votis
1149 2910 1335 3003 potiantur
1359 2910 1420 2999 qui
1443 2931 1628 3001 nunquam
1652 2912 1813 2982 animum
1849 2914 1895 2983 ad
1911 2938 1989 3007 gra-

512 3057 647 3132 viffima
674 3081 817 3152 quoque
846 3059 1011 3130 obeunda
1040 3054 1297 3152 paratissimum
1325 3054 1548 3143 remiserint3
1581 3081 1649 3130 nec
1681 3058 1890 3152 sperandam
1920 3061 1987 3134 esse

511 3208 623 3279 ullam
648 3209 686 3277 in
705 3205 845 3278 senetta
861 3204 1161 3298 tranquillitatem
1178 3208 1211 3275 ei
1229 3208 1290 3297 qui
1316 3229 1381 3298 per
1398 3209 1578 3300 ignaviam
1593 3205 1760 3279 honestos
1781 3211 1819 3280 in
1836 3213 1989 3303 juventa

510 3355 650 3428 labores
666 3351 840 3446 suscipere
864 3350 1041 3424 recusarit.
1095 3348 1177 3421 Istis
1193 3361 1232 3422 et
1248 3352 1328 3423 aliia
1353 3354 1501 3424 infinitis
1525 3352 1818 3446 persuasionibus,
1844 3360 1889 3430 ad
1913 3383 1987 3431 rem

511 3507 606 3579 bene
622 3503 814 3598 gerendam
831 3523 945 3572 novus
961 3502 1070 3573 abbae
1087 3500 1350 3593 impellebatur.

562 3653 672 3724 Auno
696 3653 808 3748 igitur
831 3652 1008 3722 humanae
1032 3647 1157 3722 salutis
1181 3646 1368 3720 millesimo
1394 3649 1742 3744 quadringentesimo
1764 3653 1990 3750 nonagesimo

513 3827 619 3886 nouo,
637 3801 753 3872 idibus
770 3799 794 3870 J
796 3801 941 3882 anuarii,
962 3796 1138 3870 summam
1154 3800 1315 3869 omnium
1341 3801 1378 3869 in
1403 3798 1545 3891 Kynlos
1567 3798 1913 3876 administrationem
1929 3809 1991 3879 ubi

514 3945 701 4044 accepisset
725 3948 879 4019 Thomas
904 3948 1023 4030 abbae,
1043 3949 1120 4040 jam
1144 3955 1330 4018 tumeam
1356 3945 1562 4019 adversariis
1587 3951 1633 4022 de
1658 3947 1861 4025 monasterii
1886 3957 1991 4028 rebus

514 4099 688 4171 summam
706 4097 976 4168 contentionem
992 4096 1083 4166 iniit.

566 4245 747 4340 Oppidani
772 4245 869 4314 euim
895 4267 916 4314 a
941 4240 1075 4324 Foress,
1106 4240 1363 4314 cousuetudine
1389 4245 1542 4335 quadam
1569 4244 1782 4340 usurpatitia
1809 4256 1929 4343 potius
1955 4265 1993 4325 et

518 4399 632 4470 veluti
661 4389 938 4488 praescriptione
964 4412 1070 4482 quam
1094 4391 1178 4481 jure
1206 4390 1336 4481 aliquo,
1363 4388 1561 4463 salmonum
1585 4391 1796 4487 piscationes
1826 4402 1864 4468 in
1893 4406 1992 4494 aquis

517 4546 682 4620 aestuarii
699 4542 878 4614 Finderue
895 4549 983 4611 tunc
1000 4541 1172 4632 temporie
1184 4537 1411 4633 usurpabant.
1450 4540 1544 4612 Cum
1559 4543 1616 4614 hia
1632 4546 1784 4637 primam
1796 4545 1894 4619 suam
1908 4551 1994 4620 veli-

517 4697 693 4768 tationem
710 4699 813 4764 tauta
829 4689 1046 4760 dexteritate
1063 4682 1249 4771 commisit,
1262 4696 1305 4758 ut
1317 4689 1550 4780 quadriennio
1567 4687 1654 4783 post,
1672 4715 1745 4762 non
1761 4706 1993 4768 contemnen-

520 4845 602 4914 dam
615 4840 797 4912 vittoriam
823 4837 1031 4930 reportarit:
1058 4842 1106 4918 et,
1125 4857 1172 4905 ue
1188 4835 1378 4926 aliquando
1395 4838 1577 4909 excideret
1603 4849 1727 4910 tantae
1743 4843 1795 4913 rei
1812 4848 1993 4928 memoria,

520 4991 589 5073 vel,
602 4995 743 5060 mutata
752 4985 853 5068 sorte,
866 4982 1051 5056 adversarii
1062 5005 1191 5054 novam
1202 4983 1305 5054 litem
1315 4985 1556 5069 intenderent,
1567 4987 1673 5080 bujua
1684 4988 1835 5061 foederis
1845 4991 1942 5086 leges
1957 4997 1994 5066 in
