4500 6100
885 1964 950 2036 An
970 1963 1192 2038 Lemonum

348 2267 396 2338 IN
421 2267 686 2361 Supputatione
710 2263 936 2357 Temperum,
954 2264 1072 2336 multa
1087 2264 1261 2336 hebemus
1278 2287 1325 2336 ex
1343 2263 1605 2360 Martyrolegin
1626 2266 1664 2337 in
1683 2263 1785 2359 Kyn-

300 2420 363 2501 los,
382 2427 420 2488 et
445 2417 523 2489 aliis
541 2411 690 2486 vetustis
714 2411 852 2507 seriptis
878 2416 1020 2506 quando
1044 2414 1104 2484 hie
1130 2413 1189 2484 vel
1214 2411 1276 2484 ille
1301 2413 1412 2486 ebbae
1438 2416 1570 2486 vixerit
1594 2424 1659 2488 aut
1684 2418 1786 2509 quip-

300 2571 396 2662 piam
426 2568 573 2666 feeerit:
604 2565 775 2658 pleraque
804 2585 869 2634 noe
898 2563 1094 2656 adjecimus
1125 2562 1341 2635 intermedia
1364 2564 1410 2634 ed
1435 2563 1614 2635 caleulum
1642 2564 1786 2660 Regum

301 2717 502 2800 Scotorum,
533 2724 572 2786 et
600 2711 824 2807 hujusmodi3
853 2734 900 2783 ne
929 2713 1023 2783 forte
1050 2707 1094 2782 fit
1123 2714 1186 2805 qui
1218 2712 1409 2806 aliquando
1433 2712 1607 2785 reclamet
1631 2738 1704 2784 non
1729 2739 1788 2785 ee-

301 2868 446 2938 baerere
472 2874 644 2958 tempora,
670 2862 823 2934 liberum
849 2861 958 2932 fuerit
984 2885 1049 2954 per
1072 2885 1133 2932 me
1149 2863 1343 2954 unicuique
1360 2863 1423 2933 ubi
1441 2860 1630 2935 offenderit
1647 2863 1786 2948 melius,

301 3011 421 3087 nostra
437 3035 653 3109 expungere,
671 3020 710 3083 et
727 3011 789 3085 ille
805 3009 988 3106 subjicere.
1041 3010 1141 3084 Vero
1158 3021 1326 3084 tenemus
1343 3034 1511 3084 numeros
1526 3013 1586 3085 hie
1602 3035 1667 3107 per
1684 3023 1788 3087 notas

302 3164 503 3237 numerales
529 3164 654 3234 rubros
672 3164 781 3234 etiam
798 3158 1011 3255 majusculos
1036 3156 1282 3255 confignetoe:
1318 3160 1497 3254 Inprimis,
1516 3162 1657 3233 abbatie
1682 3166 1787 3256 primi

303 3337 424 3398 annos,
451 3315 512 3407 qui
527 3310 601 3417 usub
626 3313 770 3383 initium
797 3312 1017 3383 fundationis
1034 3335 1056 3382 a
1073 3310 1225 3404 Kynloe,
1255 3316 1359 3393 1141,
1378 3313 1507 3404 eoepit,
1526 3313 1657 3384 deinde
1681 3316 1789 3406 periit

307 3471 412 3547 1157,
430 3463 495 3536 cal.
515 3462 653 3535 Martii.

354 3613 416 3685 Ab
429 3636 523 3685 anno
543 3618 649 3695 1157,
662 3611 707 3684 ad
725 3619 879 3681 mortem
897 3611 996 3681 tertii
1014 3609 1154 3681 abbatie
1173 3614 1279 3692 1219,
1293 3606 1347 3679 est
1364 3608 1594 3681 intervallum
1613 3634 1788 3682 annorum

308 3766 363 3849 69,
382 3764 478 3857 quod¹
494 3763 532 3831 in
549 3762 638 3832 duos
663 3759 821 3841 abbates,
846 3755 1041 3829 secundum
1060 3758 1228 3828 videlicet
1245 3765 1283 3827 et
1300 3759 1450 3828 tertium
1475 3759 1680 3850 eonjeetura
1704 3783 1790 3853 qua-

307 3916 387 3985 dem
405 3912 590 4006 partimur.

355 4062 417 4132 Ab
433 4083 529 4132 enne
548 4064 654 4141 1919,
671 4057 739 4127 hoe
756 4052 820 4137 est,
838 4057 884 4126 ab
900 4055 1004 4125 initio
1023 4053 1216 4148 Radulphi,
1234 4057 1353 4147 quarti
1379 4057 1558 4129 abbatiae
1574 4056 1726 4153 Kynloe
1744 4062 1790 4131 ed

307 4214 460 4282 mortem
486 4210 621 4280 domini
647 4206 815 4300 Symenie
840 4206 980 4278 abbatis
1006 4206 1131 4289 oaavi,
1160 4208 1265 4288 1969,
1288 4202 1342 4277 est
1358 4207 1588 4280 intervallum
1613 4232 1789 4281 annerum

308 4367 364 4442 50,
382 4360 478 4454 quod
495 4360 532 4430 in
549 4358 708 4450 quinque
725 4357 873 4428 abbates
890 4357 1066 4449 partimur
1082 4358 1287 4450 oonjeemra
1302 4365 1457 4429 tentum.

355 4509 418 4581 Ab
443 4531 537 4581 enno
566 4509 671 4591 1969,
697 4507 766 4577 hoc
784 4503 846 4589 est,
865 4506 909 4577 eb
926 4507 1030 4576 initio
1057 4504 1238 4589 Richardi,
1265 4505 1404 4577 abbatis
1425 4507 1511 4576 noni
1528 4531 1549 4578 a
1567 4504 1717 4600 Kynloe
1744 4510 1790 4579 ed

309 4669 460 4731 mortem
485 4657 622 4728 domini
648 4654 817 4727 Riehmdi
843 4654 983 4725 abbatis
1009 4655 1139 4726 decimi
1165 4656 1293 4746 quarti,
1318 4660 1423 4738 1371,
1449 4655 1679 4729 intercedunt
1704 4662 1788 4731 anni

312 4813 390 4892 109,
408 4829 497 4900 quoe
513 4807 690 4901 partimur
706 4802 917 4894 eonje6buris
934 4803 972 4872 in
989 4801 1137 4873 abbates
1153 4800 1225 4874 sex.

358 4956 418 5031 Ab
444 4979 538 5027 anno
566 4960 671 5037 1371,
697 4952 765 5023 hee
792 4948 845 5022 est
869 4952 914 5022 ab
940 4951 1044 5021 initio
1070 4951 1206 5022 domini
1224 4950 1358 5023 Ademi
1375 4952 1422 5023 de
1437 4951 1555 5038 Teme,
1582 4956 1628 5027 ed
1644 4958 1788 5027 initium

1034 5121 1055 5170 c
