4500 6100
304 1268 472 1349 Trionis,
490 1266 584 1359 apud
602 1263 746 1335 Cnlross
763 1260 911 1333 honesto
928 1264 1008 1335 loco
1022 1273 1139 1348 natus,
1157 1273 1324 1356 parentes
1340 1265 1467 1336 habuit
1484 1288 1567 1337 cnm
1585 1268 1742 1362 frugales

257 1426 335 1487 tum
348 1418 435 1509 pios,
447 1438 494 1486 ex
507 1410 762 1507 crystallorum
774 1420 896 1483 vetere
909 1409 993 1483 satis
1007 1414 1162 1497 familia3
1179 1415 1336 1505 quicum
1350 1416 1514 1486 viderent
1527 1440 1611 1487 eum
1624 1417 1741 1490 bonae

256 1563 327 1659 spei
344 1586 496 1657 puerum
513 1560 633 1635 statim
651 1562 767 1633 adhuc
784 1562 1007 1653 impuberem
1024 1584 1195 1632 unacum
1211 1584 1382 1656 germano
1399 1562 1462 1634 suo
1479 1564 1629 1637 Andrea
1652 1577 1741 1638 natu

257 1715 388 1805 majore
409 1712 524 1783 literis
541 1736 582 1784 ac
599 1712 756 1782 moribus
773 1712 998 1781 formandum
1024 1711 1260 1781 tradiderunt.
1311 1710 1400 1782 Erat
1417 1721 1498 1784 turn
1514 1716 1686 1807 temporis
1702 1718 1741 1785 in

256 1858 467 1933 monasterio
490 1885 514 1932 a
536 1859 678 1931 Culross
695 1863 749 1931 vir
774 1862 812 1930 in
836 1860 960 1952 primis
984 1859 1158 1952 religione
1183 1855 1431 1946 omatiffimus,
1458 1873 1496 1933 et
1522 1862 1579 1954 (ut
1604 1865 1743 1935 ferebat

255 2011 317 2082 illa
332 2021 443 2093 aetas,
462 2012 507 2081 ad
525 2010 689 2080 meliores
706 2009 827 2079 literas
844 2008 978 2101 rudior)
996 2008 1034 2076 in
1048 2007 1238 2079 elementis
1250 2012 1500 2103 grammatices
1513 2013 1607 2083 bene
1620 2013 1743 2083 dodona

257 2162 422 2230 dominus
446 2158 601 2229 Thomas
631 2166 870 2252 cognomento
900 2152 1042 2239 Person,
1074 2154 1232 2247 ejusdem
1258 2156 1464 2229 monasterii
1490 2158 1661 2253 profeffus
1687 2159 1744 2251 (ut

257 2310 401 2398 vocant)
427 2308 634 2377 monachus.
686 2305 783 2377 Huic
810 2306 963 2376 traditus
989 2300 1041 2374 est
1065 2307 1280 2376 cumfratre
1305 2330 1328 2377 a
1351 2310 1561 2398 parentibus
1577 2308 1742 2382 Thomas.

257 2457 306 2527 Et
332 2466 375 2527 ut
400 2465 478 2527 erat
503 2449 725 2548 capaciffimo
749 2454 894 2548 ingenio
919 2476 1018 2545 puer,
1045 2454 1097 2524 ita
1123 2456 1284 2525 animum
1308 2456 1354 2526 ad
1372 2457 1594 2527 imbibendos
1620 2457 1743 2539 literas

256 2628 363 2699 quam
397 2604 525 2675 lubens
562 2604 731 2685 admovit,
765 2626 808 2673 ao
839 2623 949 2694 parvo
980 2602 1152 2694 temporis
1185 2603 1361 2673 curriculo
1391 2612 1535 2675 tantum
1564 2608 1744 2696 promovit

257 2752 433 2836 discendo,
450 2762 492 2823 nt
509 2752 675 2844 aequales
693 2748 772 2821 suos
789 2773 923 2833 omnes,
942 2752 1052 2820 etiam
1069 2772 1279 2844 germanum
1292 2750 1479 2823 Andream
1491 2752 1609 2823 multo
1625 2751 1742 2846 spacio

258 2910 510 2977 anteverteret.
563 2900 606 2971 Id
632 2924 742 2991 quum
761 2902 924 2972 viderent
948 2907 1125 2991 parentes,
1152 2922 1219 2970 nec
1244 2899 1358 2971 latere
1382 2895 1495 2993 poffet
1512 2902 1673 2972 divinum
1689 2904 1745 2972 in·

258 3056 416 3149 genium,
441 3051 611 3144 majorem
631 3051 708 3142 jam
732 3059 811 3120 tum
831 3047 929 3142 spem
953 3048 998 3120 de
1020 3071 1132 3142 puero
1150 3051 1403 3142 concipientes,
1420 3053 1616 3122 amicornm
1633 3055 1744 3124 etiam

259 3203 405 3273 hortatu
433 3223 454 3271 e
479 3199 607 3270 scholis
633 3200 946 3294 grammaticorum
978 3197 1226 3292 (praepropere
1252 3201 1390 3289 tamen)
1417 3200 1608 3285 revellunt,
1634 3210 1673 3273 et
1699 3201 1744 3272 ad

260 3351 399 3442 praxim
415 3345 587 3419 musicam
604 3348 878 3439 comparandam
896 3344 1155 3440 transponunt;
1180 3343 1253 3418 five
1270 3357 1350 3417 tum
1366 3348 1420 3418 illi
1439 3351 1493 3420 ita
1504 3346 1745 3422 existimarint

260 3521 343 3570 eum
369 3491 464 3590 poffe
483 3497 551 3567 hac
568 3498 627 3567 via
641 3497 679 3567 in
696 3497 850 3589 gradum
872 3495 1028 3586 aliquem
1050 3491 1325 3566 ecclesiasticum
1342 3497 1520 3580 invadere,
1546 3494 1618 3568 five
1636 3496 1746 3589 (quod

262 3647 375 3740 magis
400 3645 625 3738 crediderim)
651 3642 774 3713 Divini
799 3642 971 3713 Numinis
999 3643 1203 3735 benignitas
1227 3643 1273 3714 ad
1300 3666 1344 3713 ea
1368 3666 1460 3735 quae
1477 3643 1638 3737 ‘sequuta
1662 3643 1746 3717 sunt

263 3795 364 3864 illum
377 3790 425 3864 lic
439 3789 642 3864 destinarat.
685 3791 778 3863 Cum
791 3788 878 3862 effet
891 3793 1002 3884 igitur
1014 3787 1169 3860 Thomas
1181 3792 1218 3860 in
1232 3797 1353 3860 aetate
1366 3791 1483 3862 adhuc
1496 3791 1560 3863 illa
1571 3791 1745 3864 tenerius-

263 3943 352 4024 cula‚
379 3964 451 4012 non
468 3942 632 4035 ineptum
657 3941 840 4010 hominem
858 3948 895 4010 et
912 3941 949 4009 in
966 3935 1109 4009 mulleis
1129 3933 1388 4030 peritiffimum‚
1415 3937 1639 4011 Gulielmum
1656 3941 1743 4013 Ruit

264 4094 379 4162 virum
407 4089 539 4160 laicum
566 4099 604 4159 et
635 4089 774 4160 abbatis
800 4112 821 4159 a
845 4085 988 4159 Culross
1017 4089 1164 4159 fratrem
1193 4110 1404 4181 germanum
1434 4089 1582 4160 audivit.
1632 4089 1745 4183 Apud

264 4239 358 4310 hunc
376 4239 498 4330 paucis
513 4233 694 4308 mentibus
711 4239 749 4307 in
767 4246 911 4308 tantum
928 4237 1089 4328 profecit,
1103 4246 1147 4307 ut
1163 4235 1268 4307 facile
1285 4237 1469 4308 videretur
1480 4261 1502 4308 a
1514 4245 1643 4309 natura
1658 4239 1745 4312 illuc

266 4387 403 4458 deduci.
454 4383 624 4456 Habebat
641 4407 704 4476 pro
721 4394 806 4455 voto
824 4408 990 4457 canoram
1007 4383 1111 4456 srmnl
1129 4394 1168 4456 et
1185 4382 1397 4478 crispantem
1414 4408 1549 4467 vocem,
1574 4409 1616 4457 ac
1642 4387 1744 4459 nullo

265 4542 396 4606 conatu
413 4555 495 4604 cnm
512 4529 584 4602 suis
600 4531 807 4622 aequalibus
825 4533 877 4602 ita
888 4532 1149 4614 modulabatur,
1168 4542 1210 4603 nt
1223 4533 1357 4603 multos
1369 4533 1547 4625 spectatae
1560 4535 1746 4628 dignitatis

266 4685 358 4753 viros
375 4681 420 4752 ad
437 4680 473 4750 se
490 4680 683 4750 amandum
704 4679 896 4750 induxerit.
949 4679 1111 4748 Primum
1129 4679 1226 4750 illins
1242 4680 1312 4751 loci
1329 4680 1438 4752 abbas
1455 4683 1623 4753 dominus
1639 4684 1746 4756 Jaco-

265 4831 331 4902 bus
349 4827 434 4900 Rait
454 4828 510 4918 (ut
528 4828 586 4898 cni
604 4829 648 4899 de
665 4851 775 4921 puero
794 4823 904 4898 elsent
924 4823 1103 4899 notillima
1119 4830 1253 4923 omnia)
1270 4829 1429 4922 impense
1446 4833 1521 4925 egit
1539 4833 1585 4903 de
1608 4831 1747 4906 Thema

266 4979 301 5049 in
318 4975 462 5048 suornm
487 4975 743 5046 monachorum
760 4999 909 5046 numero
935 4978 1148 5069 recipiendo.
1200 4976 1255 5048 At
1272 5001 1398 5070 parum
1415 4979 1505 5050 favit
1521 4979 1573 5052 illi
1593 4981 1746 5066 fortuna,
