4500 6100
968 801 1217 875 HISTORIA
1243 800 1501 873 ABBATUM

630 1150 813 1223 nonnus
839 1148 1070 1221 Gunrnnuus
1096 1148 1319 1228 Grannum,
1345 1147 1476 1217 Annas
1501 1168 1525 1215 s
1551 1144 1713 1216 Krasos
1737 1142 1829 1215 XX.

783 1296 888 1369 Obiit
909 1304 965 1367 10.
983 1296 1059 1369 Cal.
1077 1295 1254 1378 Ottobris,
1268 1295 1380 1370 Anno
1397 1294 1547 1365 Domini
1567 1300 1671 1369 1491.

539 1598 710 1691 Sepultus
725 1594 777 1668 est
790 1598 884 1690 apud
902 1594 1053 1689 Kynlos,
1072 1597 1109 1665 in
1125 1591 1256 1667 sacello
1269 1594 1306 1666 S.
1326 1594 1436 1666 Petri.
1481 1592 1615 1665 Fuerat
1631 1594 1690 1664 bic
1707 1594 1894 1665 succentor
1910 1618 1967 1664 ec-

491 1743 616 1818 olesrae
644 1740 887 1828 Moravienlls,
914 1754 1119 1837 antequam,
1145 1744 1273 1815 Jacobi
1297 1742 1465 1834 Guthery
1488 1737 1759 1836 praedecefforis
1783 1764 1900 1834 opera,
1928 1744 1966 1812 in

490 1895 659 1965 abbatem
677 1893 904 1987 deligeretur,
923 1902 961 1963 et
973 1894 1011 1963 in
1023 1894 1106 1983 jure
1125 1892 1315 1963 Pontificio
1327 1893 1500 1963 eruditus.
1552 1890 1590 1961 ls
1606 1892 1762 1983 primum
1778 1886 1967 1962 transmitit

491 2042 646 2113 Romam
663 2064 726 2135 pro
739 2042 845 2133 hujus
859 2042 929 2111 loci
942 2064 964 2111 a
977 2040 1118 2133 Kynlos
1132 2040 1396 2133 diplomatibus,
1412 2064 1498 2112 cum
1510 2048 1619 2111 autea
1630 2041 1780 2112 abbates
1796 2040 1968 2134 eligeren-

490 2201 552 2260 tur
573 2191 743 2261 canonice
768 2212 832 2283 per
857 2190 1112 2283 monachorum
1138 2188 1302 2284 suffragia
1321 2198 1359 2259 et
1383 2190 1495 2282 patris
1519 2189 1660 2261 abbatis
1676 2212 1699 2259 a
1715 2188 1854 2260 Melros
1877 2190 1969 2260 elec·

490 2340 638 2409 tionem.
690 2337 741 2408 Et
756 2346 882 2409 tamen
899 2338 1091 2431 perbibent
1123 2334 1226 2409 fuiffe
1241 2339 1393 2431 probum
1406 2338 1590 2409 hominem
1607 2333 1727 2408 statim
1742 2335 1809 2409 sub
1826 2341 1967 2409 initium

491 2487 573 2560 suae
590 2489 835 2581 promotionis,
853 2496 895 2558 ut
912 2480 975 2579 qbi
988 2510 1121 2558 annum
1140 2489 1337 2559 novitiatus
1350 2484 1540 2559 absolverit
1556 2488 1651 2579 apud
1665 2488 1858 2560 monachos
1874 2492 1969 2581 prius

490 2662 597 2730 quam
632 2638 741 2711 abbas
769 2652 966 2709 vocaretur.
1031 2636 1113 2707 Hoc
1138 2660 1253 2707 unum
1277 2638 1456 2707 duntaxat
1484 2636 1633 2707 minime
1663 2633 1717 2706 est
1748 2638 1969 2728 probandum

491 2788 586 2879 quod
619 2784 820 2881 symoniace
855 2794 996 2857 tantam
1027 2786 1116 2856 emit
1152 2786 1377 2879 dignitatem,
1408 2786 1590 2855 vendente
1619 2780 1882 2876 praedeoollore
1908 2783 1970 2854 suo

492 2936 515 3005 J
518 2936 629 3007 accbo
646 2936 823 3027 Gutbery.

541 3085 634 3156 Cum
650 3083 760 3156 semel
783 3086 963 3177 profettus
980 3078 1065 3154 effet
1091 3083 1269 3154 Galbreth
1286 3083 1332 3154 ad
1348 3078 1532 3154 eccleliam
1558 3080 1714 3153 Awacbt
1739 3086 1777 3153 in
1803 3078 1968 3164 Roffiam,

492 3245 531 3303 et
548 3241 792 3304 reverteretur
803 3235 930 3326 paucis
943 3234 1278 3314 concomitantibus,
1295 3256 1318 3302 a
1333 3230 1476 3302 Baroue
1493 3231 1540 3302 de
1556 3228 1795 3325 Kyllrauuylr,
1814 3231 1970 3328 Hugone

493 3390 731 3475 cognomento
746 3379 845 3463 Ross,
859 3381 935 3472 ejus
949 3383 1010 3473 qui
1024 3403 1121 3451 nunc
1135 3382 1314 3462 vivituro,
1327 3383 1550 3473 interceptus
1562 3374 1625 3448 est.
1668 3378 1712 3450 Id
1723 3403 1807 3452 cnm
1819 3376 1970 3452 rosoiffet

494 3532 659 3601 dominus
675 3528 834 3601 Jacobus
851 3530 897 3599 de
915 3527 1078 3600 Dumbar
1094 3551 1205 3620 eques
1221 3543 1377 3610 auratus,
1404 3529 1602 3598 vicecomes
1620 3525 1818 3612 Moraviae,
1840 3538 1880 3600 st
1895 3530 1969 3601 bal-

454 3651 460 3663 ·
493 3681 585 3749 livns
602 3703 624 3749 a
641 3677 792 3771 Kynlos,
818 3677 975 3749 collettis
997 3677 1138 3769 aliquot
1162 3677 1309 3748 armatis
1335 3677 1418 3746 viris
1444 3675 1627 3757 militibus,
1646 3677 1691 3746 ad
1708 3675 1884 3748 Golbretb
1910 3680 1970 3750 ab·

492 3828 614 3897 batem
640 3827 864 3898 liberandum
890 3821 943 3898 est
967 3827 1156 3919 profectus.
1205 3824 1348 3895 'Verum
1366 3822 1477 3917 Hugo
1493 3825 1625 3914 equitis
1645 3825 1806 3896 -fnrorem
1831 3825 1971 3919 persen·

427 3985 428 3990 ’
489 3978 598 4058 tiens,
616 3973 819 4069 priusquam
837 3976 944 4046 armis
961 3982 1189 4044 concurreret
1206 3973 1373 4044 abbatem
1394 3969 1533 4042 millum
1550 3973 1647 4055 fecit,
1673 3982 1712 4043 et
1728 3976 1781 4046 ita
1796 3999 1840 4046 ea
1857 3978 1971 4070 indig-

494 4127 594 4195 natio
611 4119 757 4195 abcellit
773 4119 848 4194 line
865 4120 1045 4216 sanguine.

545 4271 630 4343 Fuit
647 4269 825 4343 Galbreth
842 4269 951 4340 abbas
967 4271 1021 4338 vir
1045 4268 1153 4361 paulo
1178 4267 1339 4350 severior,
1365 4277 1408 4338 ut
1432 4270 1494 4359 qui
1510 4270 1548 4338 in
1564 4269 1721 4340 furorem
1739 4281 1777 4340 et
1793 4273 1971 4362 quandam

494 4419 650 4492 insaniae
666 4417 820 4512 speciem
836 4439 900 4510 per
917 4425 1031 4488 atram
1047 4416 1159 4487 bilem
1167 4416 1399 4506 frequentius
1414 4417 1634 4488 incitaretur.

546 4568 623 4640 Sub
632 4568 700 4638 hcc
713 4567 843 4638 abbate
854 4563 1035 4658 susceptus
1047 4560 1100 4634 est
1113 4565 1152 4633 in
1164 4563 1428 4645 monachatum,
1442 4565 1608 4636 dominus
1619 4564 1644 4635 J
1645 4589 1779 4638 oannes
1792 4567 1969 4653 Richardi

498 4719 558 4810 qui
576 4718 666 4786 obiit
690 4715 924 4786 rsstuiecs
946 4712 1120 4794 Januarii,
1147 4711 1313 4781 dominus
1337 4711 1492 4784 Thomas
1505 4709 1680 4806 ¹(lrystall
1706 4711 1828 4807 postea
1852 4718 1969 4801 abbas,

498 4866 663 4936 dominus
703 4863 821 4934 David
855 4861 981 4953 Speos,
1016 4882 1112 4930 nunc
1145 4860 1184 4929 in
1224 4856 1366 4951 Kynlos
1401 4862 1506 4952 prior,
1542 4871 1581 4932 et
1614 4863 1780 4933 dominus
1813 4863 1971 4938 Joanncs

499 5010 711 5105 Compland,
730 5011 792 5102 qui
808 5009 898 5080 obiit
918 5013 1011 5080 1518
1030 5007 1160 5078 ultima
1176 5005 1369 5084 Februarii,
