4500 6100
697 758 1030 838 MONASTERII
1055 760 1093 834 A
1119 758 1346 836 KYNLOS.

283 1267 330 1338 Iu
348 1267 567 1338 Hrsroemu
585 1264 831 1338 Moramnnu
856 1287 880 1336 ι
896 1265 1069 1350 Kianos,
1086 1265 1111 1337 J
1112 1285 1252 1345 ornum
1269 1263 1461 1342 Fruamur
1477 1263 1761 1336 Pnnmroumnr

863 1434 1082 1498 ιιιιιιιιιιο,
1100 1433 1181 1485 nuc.

334 1711 576 1784 Krurnscnn
593 1711 689 1822 olim,
708 1712 821 1784 veluti
838 1714 1042 1805 aaoepimue
1065 1734 1088 1782 a
1110 1709 1257 1805 linguae
1281 1707 1511 1803 Hybernieae
1534 1705 1761 1802 peritiffimie,

284 1863 384 1933 loona
401 1861 471 1932 suit
486 1861 614 1954 planus
637 1871 676 1932 et
692 1862 884 1938 herbarum
901 1861 1003 1953 eopie
1018 1853 1273 1941 refertiffimue,
1299 1880 1407 1950 quem
1431 1855 1531 1951 sylva
1554 1854 1761 1941 densissima,

283 2019 326 2080 nt
342 2010 453 2081 etiam
469 2031 517 2081 ex
532 2005 615 2102 ipsis
630 2003 787 2104 vestigiis
803 2003 991 2087 manifeste
1007 2007 1171 2089 vidimus,
1197 2003 1480 2100 quaqueversum
1504 2007 1763 2102 eompletteba·

284 2167 353 2229 tur.
405 2157 504 2230 Hine
520 2157 654 2230 sotrum
673 2155 728 2228 illi
752 2179 885 2228 nomen
909 2163 1040 2249 putant
1066 2153 1233 2226 Seetieae
1252 2153 1398 2250 lingone
1420 2155 1637 2248 interpretes
1660 2155 1765 2249 Kyn-

285 2305 428 2377 lusebe:
451 2301 549 2398 quali
566 2305 711 2388 diaeree,
735 2303 854 2397 Caput
877 2303 1080 2381 herbarum.
1130 2301 1191 2374 Ita
1214 2325 1279 2396 per
1301 2299 1427 2375 silvam
1450 2305 1764 2396 praetereuntibus

284 2456 463 2528 arridebat
479 2475 625 2547 campus
651 2453 715 2525 ille
738 2454 942 2547 gramineus
966 2460 1005 2523 et
1030 2451 1251 2534 florulentus,
1276 2458 1320 2522 ut
1343 2453 1429 2522 inde
1452 2474 1587 2524 nomen
1610 2476 1684 2524 non
1708 2457 1764 2524 iu-

285 2600 474 2674 venustum
491 2602 724 2674 adinvenerit.
775 2599 849 2673 Sed
865 2596 1007 2694 postera
1022 2609 1122 2672 aetas
1137 2599 1245 2692 paulo
1256 2598 1497 2694 negligentior
1512 2601 1559 2670 ad
1575 2597 1765 2673 vetustatis

285 2753 494 2822 memoriam
518 2748 753 2832 retinendam,
780 2758 819 2820 et
847 2749 1060 2821 idiomatum
1084 2747 1289 2841 aormptela
1316 2770 1382 2841 per
1405 2745 1629 2842 Anglieanae
1650 2752 1765 2843 irrup-

285 2902 404 2971 tiones
427 2899 639 2983 introduita,
657 2898 726 2970 leoi
744 2896 959 2970 venabulum
984 2897 1157 2968 invertit:
1182 2921 1226 2968 ao
1241 2919 1306 2989 pro
1323 2895 1543 2989 Kynlusolre,
1557 2898 1694 2971 aueum
1710 2896 1764 2971 est

285 3071 419 3120 nomen
435 3045 577 3143 Kynloa
594 3054 761 3141 uonupte
776 3068 842 3139 pro
859 3043 1071 3139 Kynlusehe
1087 3044 1191 3130 sorte,
1209 3045 1245 3116 id
1263 3039 1326 3128 est,
1338 3043 1458 3139 ceput
1474 3046 1617 3120 herbae.
1668 3045 1764 3120 Sunt

286 3201 347 3290 qui
364 3206 403 3270 et
420 3194 551 3268 Kililoe
578 3196 708 3279 dieunt,
726 3191 786 3265 sed
810 3196 937 3288 inepte
961 3197 1072 3267 etiem
1097 3219 1120 3267 a
1134 3190 1254 3267 neseio
1269 3218 1342 3287 qua
1358 3219 1447 3267 voea
1464 3193 1683 3290 Hybernim
1699 3223 1764 3292 per

286 3370 392 3439 quam
408 3353 540 3440 putant
564 3344 661 3421 hune
687 3343 807 3415 loeum
833 3339 1017 3437 designari,
1036 3351 1074 3414 et
1098 3345 1315 3418 tantundem
1331 3344 1461 3429 valere,
1487 3369 1530 3417 aa
1546 3340 1573 3415 fi
1590 3350 1669 3440 quie
1686 3349 1764 3419 dix·

286 3497 363 3577 erit,
381 3488 578 3565 Eealefiam
593 3492 732 3563 florum.
783 3490 863 3585 Ego
874 3514 972 3575 varo,
987 3494 1149 3583 quemvis
1164 3514 1239 3563 non
1254 3494 1416 3586 ignorem
1432 3492 1549 3565 multa
1564 3490 1633 3565 else
1648 3494 1767 3567 vetus-

285 3645 371 3715 tetia
391 3649 627 3716 monumenta
652 3638 762 3711 nullis
786 3660 945 3731 unquam
969 3660 1036 3731 per
1060 3635 1219 3731 posterea
1242 3640 1454 3732 oonjetturia
1477 3643 1674 3725 enodanda,
1691 3666 1764 3719 nou

287 3799 409 3863 tamen
426 3812 551 3861 vereor
565 3786 620 3859 illi
636 3785 836 3859 sententiae
851 3782 1077 3869 subscribere,
1095 3808 1189 3878 quae
1203 3786 1350 3879 propius
1364 3788 1502 3860 ratione
1519 3788 1639 3881 aliqua
1653 3789 1764 3884 ipsam

287 3940 541 4031 antiquitatem
558 3936 726 4029 effingere
741 3929 837 4027 posse
853 3934 1026 4005 rideatur.
1077 3931 1137 4003 Ae
1152 3932 1336 4025 probabile
1353 3930 1415 4016 est,
1433 3934 1547 4007 veluti
1564 3961 1585 4007 e
1601 3941 1766 4030 proxima

286 4082 541 4182 signifieutione
556 4085 602 4155 de
618 4085 765 4158 nomine
777 4076 1011 4153 vetustiffimo
1024 4078 1244 4174 Kynlusebe,
1256 4081 1325 4154 hoe
1342 4076 1405 4166 est,
1416 4081 1545 4176 Capite
1560 4086 1761 4171 herbarum,

289 4234 427 4328 Regem
444 4232 562 4305 David
578 4230 685 4323 hujua
709 4230 780 4307 loei
804 4228 1031 4303 hundetorem
1057 4238 1219 4322 etymum
1243 4225 1423 4303 deflexisse
1438 4230 1700 4324 aliquantulum
1725 4249 1764 4309 et

288 4376 411 4455 dixisse
428 4376 625 4463 Killusehe,
647 4386 690 4450 ut
716 4401 800 4451 eum
823 4400 919 4449 nova
942 4372 1128 4462 struttura,
1151 4375 1312 4473 surgeret
1337 4389 1375 4449 et
1399 4403 1534 4450 novum
1560 4379 1764 4454 monasterii

289 4552 431 4613 nomen,
447 4530 517 4600 hoe
533 4524 587 4599 est
604 4522 762 4599 Eeelefia
777 4527 978 4597 herbarum.
1031 4524 1092 4598 sio
1116 4548 1184 4596 nee
1200 4525 1341 4618 prorsus
1356 4522 1515 4599 ammissa
1530 4551 1598 4599 nee
1618 4532 1764 4607 omnino

288 4686 430 4751 retente
446 4684 551 4753 retus
568 4675 794 4769 etymologia,
812 4676 864 4745 ite
879 4669 953 4745 sese
968 4675 1101 4767 ingerit
1116 4673 1175 4744 his
1190 4676 1251 4765 qui
1268 4673 1402 4747 callent
1417 4675 1621 4768 hyberniee,
1637 4688 1681 4751 ut
1695 4680 1764 4754 hoe

288 4825 402 4899 solum
419 4846 544 4896 verum
570 4818 637 4895 else
662 4823 847 4907 eradatur;
871 4820 997 4892 multis
1022 4816 1275 4893 attestantibus
1291 4823 1388 4914 quod
1411 4825 1451 4895 in
1467 4830 1765 4902 commentarium

288 4976 484 5047 mittimus:
511 4981 653 5045 eaetera
668 4979 790 5043 autem
806 4972 853 5044 ab
867 4970 1092 5065 ignoratione
1103 4970 1247 5043 initium
1260 4968 1440 5065 aeeepisse,
1450 4983 1490 5046 et
1501 4980 1766 5053 contemnenda
