4500 6100
706 731 1036 852 MONASTERII
1060 731 1098 810 A
1124 732 1352 806 KYNLOS.
1748 739 1771 808 9

293 942 399 1026 putes
416 931 486 1006 esse
503 955 610 1026 quam
634 932 816 1004 homines:
843 933 972 1024 quibus
996 954 1070 1004 non
1095 932 1248 1025 contigit
1273 929 1464 1024 aliquando
1490 931 1530 1001 in
1553 925 1706 1000 historiis
1731 937 1770 1000 et

294 1079 482 1156 vetustatis
498 1081 690 1176 multijuga
706 1080 913 1175 cognitione
929 1077 1069 1152 versari.

343 1229 542 1322 Eapropter
559 1251 635 1323 ego,
649 1226 844 1303 Maecenas
856 1229 1002 1321 optime,
1019 1235 1062 1302 ut
1079 1229 1142 1320 qui
1158 1248 1328 1321 euperem
1340 1227 1409 1298 tibi
1422 1236 1461 1298 et
1477 1222 1678 1320 posteritati
1694 1247 1771 1297 rem

292 1386 430 1469 gratam
459 1376 602 1449 facere:
629 1383 765 1468 quanta
788 1377 891 1472 potui
916 1375 1026 1447 animi
1050 1373 1195 1447 solertia
1225 1369 1416 1470 perquisivi
1440 1377 1548 1469 hujus
1573 1375 1643 1446 loci
1667 1378 1724 1447 tui
1750 1397 1773 1444 a

294 1523 434 1617 Kynlos
450 1527 674 1596 monimenta
690 1546 853 1617 quaeque
870 1532 1003 1608 vetera,
1021 1532 1059 1595 et
1075 1526 1114 1596 in
1137 1546 1253 1595 unum
1277 1546 1407 1616 corpus
1424 1523 1615 1616 (quantum
1629 1546 1696 1617 per
1711 1546 1771 1594 me

294 1696 390 1743 nune
407 1675 483 1744 lieri
501 1673 619 1767 licuit)
636 1675 769 1767 redegi.
819 1672 993 1756 Quamvis
1005 1671 1205 1745 obscuriora
1221 1667 1290 1743 smt
1306 1670 1433 1755 multa,
1446 1681 1489 1742 ut
1501 1671 1640 1744 nullam
1651 1672 1771 1744 lucem

293 1843 451 1914 unquam
467 1829 656 1916 receptura
670 1844 736 1915 per
759 1822 935 1914 majorum
961 1819 1185 1894 oscitantiam
1208 1821 1410 1904 videantur,
1428 1842 1500 1891 non
1525 1829 1650 1892 tamen
1667 1817 1773 1892 desti-

293 1973 402 2042 timus
426 1967 559 2062 aliquid
584 1970 781 2042 verioribus
797 1969 1008 2063 coujeilturis
1032 1971 1071 2041 in
1095 1969 1257 2040 medium
1285 1969 1491 2063 producere,
1517 1991 1564 2040 ne
1590 1970 1684 2041 forte
1708 1970 1773 2041 ali-

293 2117 565 2216 quandotomnia
581 2119 820 2190 diuturnitate
837 2087 1085 2191 oliliterentur.
1137 2116 1195 2189 Ac
1212 2118 1291 2190 fieri
1305 2115 1425 2212 potest
1437 2143 1484 2190 ex
1500 2116 1577 2189 istis
1589 2120 1711 2204 initiis,
1729 2128 1772 2189 ut

293 2263 487 2359 posteritas,
506 2232 610 2340 naua
626 2277 791 2340 veterum
806 2268 873 2340 heo
890 2269 935 2340 de
952 2266 1138 2362 rescripta
1161 2267 1295 2340 alicubi
1318 2266 1576 2352 delitescentia,
1604 2292 1734 2340 novam
1751 2292 1774 2338 a

292 2419 410 2510 capite
429 2417 539 2520 (quod
556 2417 626 2486 dici
642 2414 747 2511 solet)
765 2415 812 2488 ad
827 2416 937 2510 pedes
962 2439 1081 2488 rerum
1099 2418 1138 2486 iu
1163 2416 1231 2486 hoc
1256 2413 1481 2488 Monasterio
1504 2430 1569 2487 tuo
1593 2413 1772 2510 gestarum

292 2574 463 2636 contexat
477 2560 681 2635 Historiam.
733 2564 888 2647 Interea
901 2564 986 2633 dum
1000 2563 1089 2634 nihil
1102 2563 1233 2634 melino
1247 2560 1430 2645 succurrit,
1448 2571 1552 2634 utere
1568 2564 1636 2634 hoc
1653 2559 1772 2634 nostro

292 2716 329 2782 in
346 2708 498 2784 historiis
523 2735 546 2783 a
569 2709 711 2806 Kynlos
737 2679 975 2782 tumultuario
999 2713 1221 2806 compendio.
1272 2709 1323 2781 Et
1347 2733 1457 2805 perge
1480 2711 1632 2782 meliora
1656 2709 1773 2783 studia

294 2860 404 2952 (quod
421 2863 531 2932 etiam
548 2860 650 2954 facis)
664 2882 746 2932 cum
764 2859 954 2954 Religione
970 2860 1199 2953 conjungere,
1212 2867 1255 2930 ut
1271 2856 1377 2930 simul
1389 2857 1612 2935 coalescant:
1630 2871 1772 2954 aceept-

292 3031 377 3083 urna
394 3009 585 3103 aliquando
610 3029 674 3103 pro
691 3005 766 3081 istis
791 3011 864 3080 tuis
880 3010 920 3080 in
937 3007 1118 3081 tantulam
1144 3007 1420 3102 Rempublieam
1445 3009 1638 3080 cumulatis
1663 3009 1773 3081 bene-

291 3161 380 3231 ficiis
398 3168 436 3231 et
453 3158 586 3242 officiis,
609 3180 631 3231 a
651 3160 806 3253 gratiore
822 3154 1031 3253 posteritate
1052 3157 1167 3229 laudis
1190 3159 1390 3250 praeconia,
1417 3166 1455 3228 et
1479 3182 1503 3229 a
1528 3157 1608 3229 Deo
1631 3162 1771 3251 optimo

292 3310 450 3381 maximo
474 3328 541 3401 pro
568 3315 633 3380 tua
666 3329 750 3402 erge
776 3308 940 3378 homines
974 3306 1123 3399 pietate,
1153 3308 1394 3379 immortalem
1421 3307 1557 3403 gloriae
1591 3330 1770 3381 coronam.

293 3455 499 3541 Benevola,
518 3452 714 3529 Maecenas
730 3450 984 3539 studiofiffime,
1003 3463 1041 3526 et
1058 3454 1238 3527 loannem
1256 3456 1323 3527 tibi
1340 3450 1596 3530 deditiffimum
1614 3465 1656 3528 ut
1673 3466 1771 3528 amat

291 3603 536 3697 compleuere.
588 3603 700 3699 Apud
718 3600 861 3697 Kynlos
876 3611 992 3689 tuum,
1011 3602 1076 3675 eal.
1094 3602 1212 3696 April.
1232 3608 1337 3680 1537.
