4500 6100
678 757 1009 833 MONASTERII
1035 758 1072 830 A
1101 755 1329 830 KYNLOS.
1702 773 1749 838 25

255 962 300 1033 ab
326 957 541 1041 Inveralien,
567 959 730 1052 proxime
758 958 804 1029 ad
835 956 1020 1028 defluxum
1046 955 1163 1048 Speae
1193 957 1319 1039 amnis,
1349 977 1438 1049 quae
1467 980 1565 1031 nunc
1593 977 1747 1056 occupat

254 1111 412 1183 lacobus
441 1107 595 1192 Granth,
626 1105 884 1180 cousuetudine
913 1108 1027 1202 magia
1053 1107 1243 1199 tyrannica
1266 1106 1444 1198 majorum
1466 1105 1609 1180 suorum
1640 1133 1748 1203 quam

248 1262 331 1353 jure
349 1259 481 1351 aliquo.

348 1697 706 1773 Doumuo'l'noum
1055 1696 1657 1786 ,AnamuKruuooSurmuoa

553 1845 695 1918 obiice
715 1845 812 1917 Non.
833 1846 1025 1930 Februarii,
1044 1845 1155 1946 Anno
1173 1846 1324 1919 Domini
1344 1853 1451 1921 11158.

308 2146 417 2219 Anno
435 2169 521 2218 vero
546 2145 694 2216 Domini
714 2149 820 2227 1255,
838 2142 1020 2216 Robertua
1046 2140 1241 2237 Episcopus
1267 2141 1449 2218 Roffenfio
1468 2151 1625 2222 contulit
1643 2151 1751 2224 Mou-

260 2293 385 2370 asterio
402 2320 424 2369 a
441 2295 583 2390 Kynloa
599 2289 796 2368 Ecclefiam
813 2267 960 2365 nomine
976 2292 1132 2365 Awacht
1150 2295 1189 2364 in
1205 2287 1337 2366 Roffia

333 2740 516 2812 Doumuo
542 2737 681 2813 Sruon
1027 2790 1036 2820 ,
1063 2736 1194 2810 Annua
1219 2759 1271 2810 nn
1296 2738 1459 2813 Kronou
1484 2741 1674 2831 Ocrlvuo,

607 2887 709 2959 Obiit
730 2892 775 2957 12
793 2885 869 2957 Cal.
888 2886 990 2970 Maii,
1010 2885 1120 2958 Anno
1138 2887 1288 2960 Domini
1307 2891 1412 2967 1269.

313 3188 399 3261 Fuit
415 3191 446 3261 is
462 3189 538 3261 vite
554 3196 593 3259 et
609 3187 769 3259 moribus
793 3182 1042 3271 ornatiffimuo,
1068 3197 1107 3259 et
1132 3190 1180 3264 ad
1202 3188 1414 3284 religionem
1441 3190 1601 3287 appolite
1626 3199 1750 3271 fastus.

264 3340 350 3412 Non
368 3337 496 3409 desunt
514 3339 576 3430 qui
592 3338 799 3430 praedicent
816 3334 991 3408 summam
1007 3337 1114 3431 hujus
1130 3339 1286 3411 hominio
1302 3343 1552 3416 eruditionem.

312 3490 391 3561 Sub
414 3487 559 3560 initium
576 3482 676 3557 istius
698 3483 854 3557 Abbatia
880 3481 963 3557 orfit
987 3483 1249 3559 Monasterium
1275 3489 1456 3585 aKynlos
1481 3516 1576 3565 anno
1602 3495 1751 3569 Domini

266 3645 371 3713 1258.
424 3634 582 3729 Hujusce
598 3637 651 3706 rei
669 3630 793 3707 causae
810 3636 1028 3728 ignorantur,
1054 3632 1118 3705 nist
1144 3636 1277 3708 famam
1294 3662 1316 3709 a
1331 3640 1525 3731 majoribus
1542 3646 1580 3715 in
1604 3642 1752 3737 posteri.
1788 3693 1791 3697 1

264 3796 378 3860 tatem
396 3782 604 3859 transsatam
620 3786 822 3879 recipimus,
840 3808 932 3877 quae
949 3786 1054 3855 docet
1071 3786 1107 3856 id
1125 3781 1309 3881 contigille
1325 3810 1391 3881 per
1406 3794 1637 3866 monedulam
1663 3798 1751 3867 dum

263 3936 366 4008 suum
383 3931 618 4008 constitueret
634 3934 760 4005 nidum
778 3942 816 4005 et
833 3935 871 4004 in
889 3956 972 4005 eum
990 3928 1192 4025 conjecill'et
1209 3936 1396 4007 ardentem
1413 3935 1597 4013 festucam.

315 4085 365 4156 Et
378 4088 423 4157 ad
436 4082 730 4157 instaurationem
744 4084 823 4166 loci,
843 4081 979 4153 Muriel
996 4082 1071 4155 filia
1083 4084 1184 4156 Petri
1201 4086 1247 4156 de
1264 4084 1415 4159 Polloclr
1433 4100 1471 4161 et
1488 4115 1580 4163 uxor
1593 4090 1751 4167 Walteri

266 4236 446 4309 Murdach
463 4237 508 4307 ed
526 4257 615 4329 opus
631 4234 787 4307 fabricae
800 4228 969 4303 ecclesiae
981 4255 1003 4304 e
1015 4230 1157 4326 Kynloa
1170 4242 1318 4306 centum
1330 4232 1460 4309 solidos
1473 4238 1636 4312 Scoticoo
1647 4240 1753 4336 super

267 4384 484 4457 Dundurcus
510 4385 675 4467 contulit,
697 4380 848 4454 testibus
866 4382 1010 4453 domino
1027 4381 1178 4455 Andrea
1193 4382 1357 4478 episcopo
1374 4386 1603 4474 Moravienfl,
1630 4390 1752 4463 Frele·

266 4535 353 4606 kino
378 4536 523 4617 decano,
549 4533 708 4629 Hugone
726 4532 771 4603 de
788 4530 951 4625 Dufglas,
978 4530 1137 4603 Ranulfo
1162 4532 1291 4604 clerico
1316 4535 1453 4607 domini
1477 4535 1642 4633 episcopi,
1669 4539 1752 4613 Ma·

268 4678 373 4777 gistro
400 4681 560 4755 Henrico
584 4676 738 4775 phyfico,
769 4679 930 4751 Roberto
960 4680 1088 4751 vicario
1121 4682 1166 4751 de
1196 4680 1339 4767 Durus,
1366 4682 1540 4779 Magistro
1571 4685 1749 4776 Eduardo,

271 4830 421 4905 Nicolao
439 4830 646 4925 cappellano
664 4831 709 4900 de
727 4828 899 4923 Rothoys,
916 4826 1083 4903 Roberto
1101 4830 1311 4923 cappellano
1328 4833 1373 4903 de
1386 4832 1574 4929 Brethnly.
