4500 6100
654 795 982 873 MONASTERII
1008 800 1044 873 A
1071 802 1297 876 KYNLOS.
1657 815 1705 882 83

241 992 400 1089 mologefi
418 995 488 1066 rite
504 996 654 1087 peretto,
673 992 910 1088 triduanoque
928 997 1077 1089 jejunio,
1092 1006 1131 1068 et
1147 995 1365 1071 sacrosancta
1381 1001 1519 1093 Synaxi
1535 1002 1705 1097 suscepta,

236 1138 357 1213 Christi
374 1140 498 1215 fidelos
518 1143 680 1213 omnium
704 1128 1093 1234 peccatoram'veniam
1119 1144 1435 1240 consequerentur)
1452 1147 1708 1243 religiosrffimc

234 1290 348 1361 triduo
366 1312 471 1382 quam
488 1295 689 1361 moreretur
706 1288 926 1382 adimplevit.

277 1436 322 1507 In
339 1438 463 1508 mortis
480 1436 641 1520 articulo,
657 1434 756 1509 sacro
771 1438 928 1531 primum
951 1448 1131 1512 ceromate
1156 1441 1348 1525 delibutus,
1373 1467 1447 1514 nou
1471 1444 1582 1517 semel
1606 1448 1708 1539 pien-

230 1578 348 1654 tiffimi
364 1581 390 1654 J
391 1580 453 1655 esu
469 1582 744 1656 misericordiam
769 1585 983 1679 imploravit,
1000 1588 1180 1680 petiitque
1195 1612 1218 1661 a
1233 1588 1305 1661 suis
1322 1591 1556 1663 familiaribus
1575 1589 1603 1664 fi
1619 1595 1706 1687 quid

229 1733 341 1803 acrius
359 1730 541 1803 interdum
558 1734 596 1803 iu
612 1728 694 1804 illos
710 1729 847 1804 fecisset
871 1728 935 1804 fibi
952 1735 989 1805 in
1008 1732 1112 1805 Illius
1129 1739 1275 1809 nominc
1292 1739 1354 1830 qui
1371 1760 1435 1831 pro
1450 1739 1554 1811 nobis
1572 1762 1707 1833 pepen-

230 1882 280 1950 dit
306 1882 345 1950 in
375 1879 473 1973 ligno
503 1881 770 1964 condonarent3
799 1882 1009 1953 remittebat
1038 1880 1101 1952 ille
1131 1877 1289 1967 viciffim,
1317 1907 1392 1955 non
1419 1884 1536 1957 solum
1563 1883 1707 1959 suorum

227 2026 465 2112 familiarium,
490 2026 551 2100 sed
577 2030 738 2101 omnium
762 2030 948 2101 hominum
966 2026 1154 2101 adversum
1178 2026 1215 2101 se
1239 2026 1382 2104 noxam.
1433 2033 1485 2104 Et
1500 2034 1709 2127 frequenter

228 2176 350 2247 divum
364 2172 636 2269 Hieronymum,
650 2194 757 2269 quem
774 2162 1005 2285 praecipuum
1017 2177 1151 2249 ‘habuit
1162 2178 1250 2250 dum
1262 2181 1401 2252 viveret
1412 2182 1509 2254 inter
1521 2181 1635 2255 Divos
1646 2208 1708 2278 pa·

228 2330 382 2407 tronum,
401 2322 627 2407 inclamabat,
644 2332 697 2408 ut,
715 2321 855 2396 detersa
866 2324 1029 2395 omnium
1046 2327 1216 2397 vitiorum
1232 2329 1272 2399 iu
1286 2328 1356 2401 hoc
1371 2300 1507 2403 mundo
1524 2336 1709 2405 contrade

228 2472 378 2556 macula,
405 2470 443 2542 se
468 2470 627 2543 Domino
655 2469 743 2543 Jesu
775 2471 997 2545 conciliaret.¹
1061 2468 1256 2557 Postremo,
1287 2476 1351 2547 ubi
1379 2473 1592 2550 destituisset
1621 2504 1706 2551 eum

229 2614 351 2701 sermo,
376 2618 547 2691 insinities
571 2618 731 2690 crucifixi
757 2630 884 2713 typum
910 2618 1145 2706 osculabatur,
1167 2630 1206 2695 ct
1230 2621 1371 2696 sublata
1395 2646 1506 2697 mauu
1529 2624 1566 2697 se
1591 2629 1706 2699 crucis

229 2764 405 2862 signaculo
429 2764 627 2839 identidem
648 2768 845 2839 muniebat.
907 2768 965 2840 Ac
991 2769 1077 2839 dum
1094 2770 1183 2844 talia
1197 2791 1303 2842 verae
1326 2773 1472 2863 pietatis
1496 2784 1708 2867 argumenta

230 2912 386 3010 designat
403 2918 457 2986 vir
474 2910 739 2999 laudatissimus,
758 2916 913 2987 animam
931 2913 1072 2987 christo
1089 2917 1254 2989 reddidit.

277 3065 325 3140 Et
346 3075 388 3136 ut
411 3063 534 3158 paucis
558 3087 635 3136 rem
661 3073 776 3135 totam
801 3063 1099 3158 complectamur:
1129 3075 1237 3137 natus
1260 3065 1433 3140 estanno
1451 3067 1599 3142 Domini
1621 3092 1707 3162 qua

230 3209 504 3309 dringentesrmo
536 3210 795 3307 septuagesimo
829 3215 976 3298 otbav03
1019 3208 1174 3309 egressus
1206 3237 1291 3286 vcro
1325 3217 1505 3290 decimum
1542 3220 1707 3292 oacrum

230 3364 355 3432 aetatis
381 3384 526 3444 aunum,
544 3360 608 3432 sub
634 3361 778 3432 domino
804 3361 934 3434 abbata
959 3360 1140 3455 aKynlos
1165 3363 1311 3434 domino
1328 3365 1512 3438 Gulielmo
1530 3367 1706 3440 Galbretb

230 3511 340 3582 sactus
363 3505 416 3580 est
432 3504 671 3580 Cisteroiensss
684 3504 838 3579 instituti
855 3509 1086 3591 candidatus3
1113 3511 1252 3592 deinde,
1269 3510 1433 3583 revoluto
1454 3536 1584 3607 nempe
1600 3539 1706 3598 auno,

230 3655 279 3726 ost
296 3658 456 3752 regulam
482 3658 553 3728 divi
572 3656 760 3728 Benediiti
777 3653 957 3749 professus,
984 3665 1022 3726 et
1038 3654 1126 3728 serie
1144 3657 1298 3748 quadam
1315 3659 1458 3730 decenti
1475 3659 1650 3752 paulatim
1668 3663 1706 3734 iu

229 3805 412 3876 sacerdotii
428 3805 579 3898 gradm
595 3805 803 3896 provectum
824 3799 1013 3897 insignitus
1029 3804 1199 3873 nimirum
1215 3802 1406 3876 sacerdotis
1422 3806 1625 3878 charactere
1641 3806 1706 3880 sub

228 3953 384 4046 praesule
396 3948 564 4034 Rolscnsa
578 3951 707 4022 ultima
719 3947 1028 4045 quadragesimarii
1039 3951 1170 4044 jejunii
1182 3951 1427 4036 hebdomade;
1448 3976 1490 4024 ac
1504 3957 1612 4026 tertio
1623 3956 1706 4028 Pas-

230 4102 314 4173 chae
325 4102 393 4184 die,
403 4101 566 4193 proxime
576 4122 659 4170 cum
672 4099 789 4171 fuerat
799 4099 971 4182 initiatus,
985 4097 1087 4170 suum
1097 4101 1254 4192 primum
1266 4099 1404 4172 sacrum
1414 4103 1564 4196 peregit.
1590 4102 1705 4196 quue

230 4251 380 4342 contigit
391 4247 456 4320 sub
468 4249 645 4318 novitiatu
659 4241 794 4316 domini
807 4245 956 4318 Doridis
970 4241 1095 4339 Spensr
1112 4247 1217 4340 cujus
1230 4247 1355 4339 (ctiam
1371 4257 1451 4320 tum
1464 4249 1649 4346 diaconus)
1666 4254 1704 4324 iu

229 4395 282 4465 bis
295 4417 386 4489 quae
399 4396 444 4467 ad
461 4393 700 4466 caeremonias
715 4391 896 4486 religionis
908 4391 1067 4486 spoliant
1084 4390 1268 4467 institutor
1283 4396 1448 4467 dominus
1457 4396 1611 4470 Thomas
1623 4398 1703 4470 suit.

231 4539 313 4613 Post
329 4543 466 4633 aliquot
482 4563 565 4612 vero
582 4560 704 4623 annos,
723 4535 822 4632 justa
837 4537 1006 4612 videlicet
1023 4541 1068 4613 dc
1085 4541 1198 4625 causa,
1215 4567 1238 4614 a
1254 4543 1398 4614 domino
1415 4543 1598 4616 Gulielmo
1618 4544 1705 4617 Cul-

230 4687 298 4761 ross
314 4689 513 4761 declaratus
537 4683 590 4759 est
615 4683 818 4758 monasterii
835 4709 856 4758 a
871 4682 1014 4780 Kyulos
1039 4687 1167 4760 abbas:
1193 4697 1232 4760 et
1248 4712 1271 4760 a
1287 4687 1447 4782 praesule
1472 4687 1702 4765 Barchineusi

231 4844 468 4930 cognomento
486 4833 665 4916 Meldrou,
691 4834 729 4904 in
746 4831 912 4904 abbatem
928 4830 993 4905 sub
1010 4829 1141 4906 fastum
1157 4833 1183 4906 J
1184 4837 1309 4907 oannis
1325 4833 1509 4929 Baptistae
1525 4839 1702 4924 inunctus,

230 4986 272 5054 ad
296 4983 399 5055 suum
425 4977 676 5051 monasterium
701 4979 827 5064 rediit;
856 4978 973 5052 rursus
997 4982 1035 5052 iu
1061 4980 1271 5055 celebritate
1297 4979 1541 5075 assumptionis
1566 4983 1702 5068 Bautae

958 5121 979 5171 1.
