4500 6100
703 747 1034 824 MONASTERII
1059 748 1096 820 A
1123 748 1349 823 KYNLOS.
1722 764 1766 830 15

284 946 402 1018 cundo
419 967 491 1018 non
508 945 630 1020 moles.
682 943 732 1017 Et
749 953 793 1016 ιιι
817 947 939 1037 paucis
964 941 1154 1029 absolvam,
1172 947 1333 1017 omnium
1350 941 1576 1019 affidentium
1593 949 1764 1025 consensu

284 1093 423 1167 abillis
448 1093 673 1166 collectaneis
688 1090 858 1164 selettum
885 1087 938 1162 est
956 1092 1018 1184 jus
1043 1092 1260 1185 municipale
1287 1093 1378 1164 illud
1404 1118 1445 1166 oc
1472 1099 1637 1188 petrium,
1655 1103 1753 1192 qnod

284 1242 395 1314 etium
412 1263 508 1313 nunc
525 1240 634 1336 vulgo
652 1240 805 1335 Regium
823 1235 1054 1332 Msjestotem
1072 1241 1208 1312 dicunt.

331 1385 377 1458 In
394 1387 585 1484 Religione
600 1411 685 1462 vero
710 1384 968 1471 constituendo,
986 1388 1076 1460 adeo
1099 1385 1237 1460 solicite
1264 1391 1339 1483 egit
1356 1389 1439 1460 Rex
1464 1390 1594 1478 David,
1617 1405 1659 1467 ut
1684 1421 1756 1474 non

281 1534 397 1608 solnm
412 1538 564 1630 majores
567 1534 656 1624 suos
666 1545 901 1619 antevertere,
915 1533 976 1608 sed
988 1538 1099 1608 etiam
1112 1535 1281 1628 exemplo
1292 1538 1500 1611 inimitabili
1513 1537 1761 1635 posteritatem

280 1685 446 1756 evincere
469 1686 701 1778 concupierit.
752 1683 923 1775 Undique
948 1679 1126 1756 uccerfitis
1151 1683 1356 1767 artificibus,
1384 1709 1491 1779 opere
1516 1688 1624 1782 plene
1641 1692 1757 1788 Regio

281 1831 465 1904 Coenobio
481 1833 694 1925 quindecim,
711 1833 843 1924 purtim
860 1833 899 1902 in
914 1832 1017 1926 regni
1034 1831 1148 1911 initio,
1161 1832 1294 1923 purtim
1312 1832 1374 1902 ubi
1390 1834 1467 1905 bel-

280 1977 357 2048 lum
367 1978 462 2070 quod
473 2001 555 2050 oum
566 1977 698 2072 Anglis
707 1973 811 2072 geffit
820 1976 983 2050 sedatum
993 1977 1463 2072 tiritextruxitmugnisque
1513 2022 1559 2081 Β,
1572 2034 1699 2082 mm
1716 2024 1759 2082 ll.

280 2127 418 2198 (lotevit
434 2127 643 2208 redditibus,
654 2134 734 2197 tum
751 2121 1093 2212 ecclesiasticorum
1110 2127 1266 2198 urbanis.
1310 2125 1461 2198 Euvero
1512 2152 1760 2212 Hectorssoerhius

278 2273 368 2346 bueo
391 2269 483 2358 sunt,
509 2273 628 2358 Coloe,
658 2272 874 2370 soiburgae,
906 2273 1053 2356 Meiros,
1084 2272 1298 2354 Neubottle,
1328 2271 1463 2344 Holur·
1510 2280 1617 2340 libus.
1630 2281 1706 2342 Hier

279 2419 439 2506 custruin,
457 2421 690 2504 Dundrnnen
709 2422 862 2494 Senibus
878 2422 1003 2494 Crucis
1018 2418 1284 2504 monesterium,
1302 2421 1460 2514 Campus
1510 2429 1631 2469 mnam.

281 2569 479 2653 Kennetbi,
498 2567 628 2652 Killos,
647 2569 908 2653 Dounfermile,
927 2568 1062 2640 Holme
1086 2571 1125 2640 in
1142 2567 1325 2652 cumbris,
1337 2563 1466 2640 Vesto-

279 2719 439 2808 liumque
463 2713 676 2790 monasterie
699 2718 780 2800 duo,
805 2739 920 2788 unum
947 2717 993 2789 ed
1017 2716 1139 2800 Onrlil,
1167 2717 1213 2789 ed
1235 2715 1429 2788 Bernicum
1456 2715 1622 2786 ultorum.
1673 2714 1758 2785 Duo

278 2868 368 2937 item
385 2864 568 2938 Ooenobie
579 2865 625 2937 ud
644 2863 791 2936 Novum
804 2863 978 2947 cestrum,
997 2887 1110 2935 unum
1123 2857 1537 2945 Precmonstrutenfiurn,
1551 2872 1590 2934 et
1603 2863 1757 2935 alterum

280 3013 442 3127 Regulee
468 3014 542 3085 diui
568 3011 756 3084 benedici
785 3009 1025 3105 prolellorum.
1076 3011 1244 3097 Quetuor
1268 3034 1411 3105 quoque
1434 3034 1547 3084 novos
1572 3008 1758 3083 constituit

280 3160 471 3257 episcopos,
483 3157 997 3244 Rollensem‚Brechinensem,
1010 3158 1341 3243 Dounkeldensen
1354 3171 1393 3232 et
1406 3157 1757 3245 Dounblmcensem,

280 3305 566 3404 ampliffimisque
594 3309 769 3381 reditibus
798 3308 1042 3402 locupletavit.
1094 3308 1273 3393 Quintum
1298 3333 1345 3381 ex
1373 3304 1644 3393 Murthlecenfi,
1670 3308 1758 3379 fecit

279 3456 583 3531 Aberdonensem.

328 3607 402 3679 Sed
416 3608 473 3678 his
491 3600 669 3687 ommiffis.
687 3606 733 3678 ad
758 3600 965 3699 Kynluscbe
989 3614 1161 3677 revertor.
1212 3606 1295 3677 Rex
1320 3608 1431 3700 igitur
1455 3606 1575 3676 David
1593 3629 1673 3677 eum
1692 3628 1757 3699 per

280 3750 497 3827 occationem
515 3758 552 3826 in
571 3752 774 3825 Morevinm
791 3748 940 3824 venillet
961 3760 999 3823 et
1017 3753 1075 3824 die
1091 3754 1246 3845 quedem
1263 3776 1311 3823 ex
1327 3776 1427 3824 more
1437 3776 1521 3824 eum
1538 3753 1675 3845 aliquot
1691 3776 1755 3824 no-

279 3904 411 3975 bilibus
428 3903 589 3975 Morevis
612 3898 745 3993 sueque
766 3900 902 3972 semilis
917 3902 955 3970 in
981 3908 1153 3972 venetum
1177 3903 1257 3985 iret,
1282 3897 1362 3994 post
1385 3900 1530 3995 longum
1553 3904 1666 3973 totius
1682 3903 1754 3973 diei

278 4052 553 4136 deleffetionem‚
567 4078 609 4125 ec
621 4052 853 4147 procurrendi
875 4051 1053 4141 impetum
1069 4050 1108 4119 in
1120 4048 1213 4121 feres
1224 4050 1302 4121 uliie
1314 4050 1386 4122 ulio
1398 4050 1648 4133 inerrantibus,
1660 4048 1754 4121 solus

277 4202 391 4273 facus
408 4197 514 4272 estin
531 4200 628 4293 sylva
644 4192 908 4292 impeditiffims
925 4206 963 4268 et
980 4198 1086 4270 invio.
1138 4196 1197 4269 Ac
1210 4212 1425 4292 properante
1440 4198 1487 4270 ed
1499 4196 1661 4271 occasum
1670 4196 1754 4281 sole,

278 4371 360 4419 cum
390 4350 554 4439 nequiret
579 4348 709 4440 pedem
734 4346 865 4417 referre
888 4344 934 4417 eb
959 4344 1126 4417 omnibus
1151 4342 1354 4430 destitutus,
1371 4354 1538 4439 precatus
1554 4341 1607 4417 est
1631 4343 1754 4416 Deum

278 4495 364 4588 Opt.
383 4495 485 4567 Mox.
504 4505 546 4566 ιιι
563 4492 641 4565 suos
659 4496 827 4588 dirigeret
845 4487 1048 4587 progreffus,
1066 4491 1275 4585 semperque
1299 4495 1338 4563 in
1354 4494 1533 4565 anteriore
1555 4494 1752 4587 procedens

277 4647 418 4715 niveum
444 4652 655 4735 preeuntem
681 4641 883 4713 columbum
909 4636 1197 4731 subsequebotur.
1248 4637 1309 4710 Itu
1332 4661 1397 4731 per
1416 4640 1532 4711 varios
1555 4637 1674 4735 sylvae
1688 4664 1753 4713 un·

277 4792 407 4863 fruitus
423 4792 511 4863 illuc
527 4792 674 4862 tandem
692 4796 903 4882 perventum
921 4783 984 4869 est,
1003 4786 1064 4857 ubi
1081 4808 1179 4857 nunc
1194 4784 1408 4879 templume
1425 4784 1611 4881 Kynlusch
1626 4785 1750 4882 posteo

278 4934 509 5009 constitutum
540 4936 711 5007 videmus.
763 4934 851 5005 Eret
880 4934 972 5003 forte
1006 4942 1086 5003 tum
1107 4933 1147 5003 in
1175 4933 1305 5005 virenti
1333 4942 1437 5027 proto
1465 4934 1570 5009 orbor
1598 4931 1674 5021 fite,
1700 4938 1745 5011 ed
