4500 6100
504 768 549 836 48
969 760 1219 835 HISTORIA
1245 758 1503 835 ABBArUM

501 960 607 1032 aedes
619 966 726 1044 totos,
739 958 802 1030 ubi
819 954 909 1031 solet
922 956 1089 1031 diversari
1099 956 1302 1053 ipieabbos,
1315 982 1339 1031 a
1349 957 1594 1029 fundamentis
1610 957 1794 1039 excitavit,
1811 954 1977 1028 adhibitis

500 1112 538 1179 in
555 1107 712 1179 inferiori
735 1106 814 1178 loco
830 1107 964 1199 ubique
981 1107 1186 1191 fornicibus,
1202 1107 1393 1201 magnilica
1408 1115 1449 1177 ct
1468 1100 1596 1177 illustri
1620 1102 1804 1176 stmdtura.
1854 1102 1978 1197 Atque

500 1252 675 1327 ustrinum
700 1255 775 1328 tale
799 1257 916 1327 crexit
932 1254 1038 1349 quale
1062 1278 1137 1327 non
1161 1254 1267 1327 facile
1283 1258 1322 1327 in
1339 1254 1463 1327 Scotia
1486 1255 1663 1347 reperim
1685 1261 1724 1323 et
1748 1254 1911 1346 proxime
1933 1253 1978 1323 cd

500 1400 674 1475 ustrinum
707 1398 958 1497 ampliffimum
995 1404 1143 1476 domum
1177 1402 1297 1497 posuit
1328 1405 1367 1473 in
1400 1426 1472 1494 qua
1511 1395 1697 1474 braffoium
1729 1410 1903 1494 paratur3
1942 1410 1980 1471 ct

501 1550 680 1647 superiore
708 1551 788 1624 loco
805 1552 877 1623 duo
902 1552 1030 1625 horrea
1053 1552 1174 1645 ampla
1197 1550 1312 1633 valde,
1341 1550 1405 1623 ubi
1433 1572 1545 1644 gram
1571 1551 1618 1622 ad
1647 1546 1749 1620 usum
1778 1544 1979 1621 monasterii

502 1700 697 1773 servantur.
746 1698 872 1793 thue
889 1700 1111 1771 commodius
1127 1722 1212 1770 cum
1228 1698 1364 1792 lapides
1380 1707 1461 1770 tum
1478 1697 1577 1792 ligna
1592 1721 1614 1769 e
1629 1693 1871 1769 remotiffimis
1894 1697 1980 1768 locis

501 1851 548 1920 ad
569 1845 761 1921 structuras
786 1870 873 1940 quse
897 1847 1113 1919 moliebatur
1139 1848 1360 1939 importaret,
1392 1846 1536 1940 longam
1560 1848 1681 1917 navim
1706 1848 1845 1940 paravit
1869 1846 1981 1919 veluti

502 1998 664 2068 biremen
693 2017 784 2088 quae
818 1996 947 2089 viginti
972 2003 1126 2085 quatuor
1148 1996 1257 2065 remis
1281 2003 1457 2090 ageretur.
1520 1994 1631 2067 Anno
1660 1999 1755 2067 1540
1781 1996 1981 2067 aedificarit

503 2164 633 2216 navam
649 2142 777 2235 templi
794 2165 816 2214 a
832 2140 980 2213 Bolloco
1005 2142 1195 2235 magnifice
1211 2166 1254 2213 ac
1268 2142 1476 2213 imbricibus
1490 2165 1537 2213 ex
1554 2164 1688 2235 quercu
1704 2145 1838 2236 paratis
1853 2166 1981 2237 magno

502 2292 657 2385 sumptu.
694 2290 836 2362 Tmrim
846 2300 1032 2385 praeterea
1047 2312 1300 2384 campanarum
1316 2313 1425 2385 quam
1438 2286 1634 2363 decuffarat
1649 2292 1788 2363 tonitru
1800 2291 1983 2386 eleganter

502 2437 669 2514 restituit.
720 2438 830 2510 Anno
848 2462 932 2511 vcro
952 2442 1047 2509 1544
1069 2437 1263 2509 demolitus
1278 2433 1332 2509 cst
1348 2438 1424 2510 illic
1440 2439 1547 2510 aedes
1562 2440 1689 2531 prioris
1705 2436 1864 2511 vetustas
1880 2435 1982 2512 fimul

502 2601 541 2663 ot
572 2586 727 2673 rimosas,
753 2590 791 2660 in
816 2610 967 2681 quarum
996 2586 1116 2659 locum
1142 2590 1259 2659 erexit
1284 2582 1533 2679 ampliffimam
1557 2594 1596 2657 ct
1621 2584 1795 2659 illustrem
1825 2589 1981 2669 domum,

504 2760 587 2809 cum
604 2736 667 2809 sex
682 2739 721 2807 in
738 2736 905 2807 inferiore
923 2736 1003 2808 loco
1019 2736 1224 2808 fornicibus.

552 2885 663 2957 Anno
683 2891 788 2969 1540,
804 2882 869 2955 sub
885 2882 910 2955 J
911 2884 1022 2955 acobo
1039 2884 1116 2977 ejus
1128 2885 1283 2955 nominis
1299 2885 1426 2975 quinto
1443 2882 1635 2955 Scotorum
1652 2883 1764 2979 Rege,
1784 2884 1984 2957 declaratus

504 3034 556 3108 cst
568 3043 607 3108 et
619 3036 786 3108 inundars
802 3029 985 3129 episcopus
999 3029 1257 3117 Orchadcnlis3
1273 3034 1336 3106 ubi
1353 3032 1514 3125 quotidie
1530 3033 1648 3106 multa
1662 3043 1765 3127 parat
1782 3035 1827 3106 ad
1845 3044 1984 3108 veteres

505 3180 742 3256 restituendas
766 3177 958 3252 structuras
974 3191 1013 3254 ot
1036 3203 1148 3252 noras
1173 3182 1262 3252 item
1287 3180 1534 3252 aedificandas.
1586 3181 1686 3254 Dum
1711 3207 1778 3278 ego
1800 3184 1984 3258 haererem

505 3337 542 3404 in
579 3330 718 3414 Galliis,
747 3331 793 3401 ad
826 3338 1078 3400 ornamentum
1106 3327 1190 3400 suae
1221 3329 1348 3400 domus
1374 3353 1398 3400 a
1424 3326 1567 3423 Kynlos
1603 3331 1755 3403 adduxit
1788 3355 1810 3402 c
1844 3331 1986 3428 Dieppa

507 3483 623 3552 virum
639 3481 774 3550 bouum
791 3487 829 3550 ct
847 3486 970 3549 tamen
990 3447 1148 3570 peritum
1164 3477 1352 3572 plantandi
1369 3487 1408 3548 et
1424 3475 1599 3549 inserendi
1616 3479 1815 3552 fructiferas
1831 3481 1985 3566 arbores,

506 3607 893 3702 nominchulielmum
916 3625 1059 3710 Lubias,
1085 3622 1220 3699 statura
1243 3649 1432 3720 procerum
1457 3635 1496 3698 et
1512 3627 1654 3719 pedeure
1679 3624 1986 3713 candidiflimum;

508 3802 592 3872 erga
607 3778 744 3871 optima
768 3798 939 3868 quaeque,
964 3799 1055 3869 quaa
1075 3774 1194 3847 multa
1214 3777 1254 3846 in
1276 3775 1331 3846 his
1354 3775 1467 3846 bortis
1494 3783 1534 3845 et
1555 3777 1652 3847 circa
1673 3776 1803 3860 locum,
1831 3777 1923 3850 adde
1948 3790 1987 3850 et

417 3922 419 3926 ⁴
507 3924 707 3998 universam
742 3924 943 3997 Moraviam
978 3923 1098 3996 offecit
1135 3922 1241 3994 utilia
1273 3923 1377 3994 valde
1417 3932 1526 4015 atque
1562 3921 1722 4016 spectatu
1760 3921 1986 4019 digniffima3

508 4073 598 4145 nibil
632 4075 728 4144 enim
763 4068 815 4142 sst
848 4073 943 4164 quod
976 4067 1081 4165 poffis
1114 4073 1153 4143 in
1185 4072 1346 4164 preclaro
1380 4081 1418 4143 et
1446 4067 1590 4142 strenuo
1616 4073 1762 4144 bomine
1792 4069 1988 4147 defiderare

509 4221 663 4315 amplius
675 4215 741 4291 nisr
751 4226 890 4292 careret
900 4219 1013 4290 altero
1024 4221 1126 4314 pede,
1141 4241 1247 4311 quem
1261 4219 1334 4289 it'cu
1344 4219 1561 4292 bombardae
1573 4220 1660 4290 dum
1671 4243 1781 4313 prope
1794 4218 1988 4296 Mailrliam

508 4367 573 4441 sub
588 4366 651 4440 suo
666 4391 751 4462 roge
768 4363 954 4438 Francisco
979 4366 1056 4457 ejus
1080 4367 1236 4437 nominis
1260 4367 1375 4459 primo
1400 4367 1439 4438 in
1462 4366 1560 4439 bollo
1584 4369 1704 4440 navali
1725 4367 1891 4442 adversus
1907 4370 1989 4442 His-

509 4540 620 4612 panos
638 4487 782 4612 ¹pugnat
807 4509 1057 4598 ardentillime,
1083 4510 1223 4586 amilit:
1250 4510 1305 4586 est
1328 4516 1439 4585 otiam
1464 4516 1600 4609 peritus
1625 4517 1834 4611 chirurgiae,
1861 4528 1903 4590 ut
1928 4522 1988 4611 qui

511 4665 645 4736 multos
663 4667 801 4759 juverit
816 4666 855 4735 in
872 4663 1072 4758 obligandis
1098 4663 1305 4736 vulneribus
1322 4671 1401 4734 toto
1417 4663 1486 4734 boo
1502 4665 1747 4757 quinquennio
1768 4689 1833 4758 per
1850 4669 1990 4738 univer·

512 4811 585 4884 sam
603 4811 816 4886 Moraviam.

562 4959 641 5056 Ego
666 4982 760 5044 vero,
786 4983 869 5036 cum
895 4961 1019 5034 multis
1044 4961 1208 5055 precibus
1237 4970 1276 5034 ct
1299 4961 1415 5034 literis
1444 4960 1603 5056 ejusdem
1628 4964 1768 5037 abbatis
1793 4977 1990 5051 revocatur,
