4500 6100
689 828 1019 904 MONAS'I'ERII
1044 830 1081 902 A
1108 828 1335 902 KYNLOS.
1705 838 1752 901 35
1889 904 1894 919 ,

318 1028 440 1121 Hujus
456 1027 597 1100 abbatis
622 1022 675 1099 est
691 1024 811 1121 fiphus
828 1028 890 1099 ille
907 1051 990 1099 cum
1007 1026 1141 1100 circulo
1158 1035 1338 1122 argenteo,
1359 1028 1423 1120 qui
1438 1028 1557 1099 adhuc
1574 1026 1612 1097 in
1632 1024 1753 1099 mensa

267 1187 308 1249 et
323 1177 406 1249 aula
422 1177 595 1249 abbatum
612 1200 634 1249 a
651 1174 792 1269 Kynlos
810 1179 1066 1248 circumfertur.

426 1420 610 1495 Doumus
634 1421 864 1495 Gumnnuus
889 1423 1068 1507 Cunnoss,
1094 1423 1225 1494 Annas
1251 1443 1274 1493 a
1300 1422 1462 1495 Krunos
1487 1421 1599 1493 XXI.

587 1569 689 1642 Obiit
709 1577 729 1641 5
748 1569 824 1643 Cal.
842 1570 1014 1656 Jannarii,
1033 1568 1144 1641 Anno
1162 1571 1309 1642 Domini
1330 1577 1434 1642 1504.

318 1754 491 1849 Sepultus
512 1750 618 1826 estin
634 1752 764 1827 sacello
783 1754 820 1826 S.
837 1755 1018 1839 Thomoe3
1045 1764 1092 1838 et,
1111 1755 1412 1847 quemadmodum
1429 1756 1583 1825 moriens
1593 1750 1750 1848 jusserat,

183 1957 189 1967 ·
273 1905 338 1995 (ita
354 1908 487 1977 narrari
504 1906 705 1976 audivimus
722 1928 795 1976 non
811 1903 920 1977 semel
941 1906 987 1977 ab
1004 1906 1047 1975 iis
1072 1906 1134 1997 qui
1158 1904 1427 1998 intcrfirorunt),
1449 1905 1594 1975 domino
1618 1903 1750 1977 Joanni

273 2054 419 2127 Hunter
443 2056 619 2127 monacho
644 2053 730 2125 olim
754 2050 826 2138 suo,
854 2056 930 2125 viro
955 2076 1028 2127 non
1053 2048 1129 2124 sine
1153 2054 1322 2146 opinione
1338 2050 1587 2126 santtimoniae
1611 2055 1753 2150 religio-

272 2198 407 2288 srffimo,
425 2204 636 2297 conjnnttus
652 2198 714 2275 est.
766 2199 839 2275 Hic
856 2202 965 2275 abbas
986 2202 1082 2273 mole
1097 2212 1267 2297 grarmus
1283 2226 1461 2296 corporea,
1486 2199 1565 2297 post
1581 2203 1753 2296 pauculos

272 2351 353 2425 suae
378 2346 692 2425 administrationis
716 2373 839 2434 annos,
864 2352 1051 2422 dominum
1075 2350 1251 2423 Thomam
1276 2348 1429 2445 Crystall
1450 2354 1488 2423 in
1512 2351 1752 2436 successorem,

273 2504 381 2573 etiam
397 2502 531 2583 vivens,
549 2496 762 2571 monasterio
787 2497 849 2572 suo
874 2500 1056 2594 prossocit.
1106 2500 1199 2571 'Poto
1216 2498 1279 2571 suo
1295 2498 1514 2595 magistratu,
1540 2503 1651 2574 abbas
1668 2503 1754 2574 Gul-

273 2648 343 2721 ross
361 2650 451 2721 nihil
467 2672 627 2742 unquam
643 2652 765 2745 magni
790 2644 888 2733 fecit,¹
914 2658 962 2734 ct,
979 2657 1021 2720 ut
1038 2672 1111 2720 non
1139 2651 1243 2721 auxit
1258 2650 1366 2744 hujus
1384 2650 1455 2722 loci
1479 2651 1582 2734 bona,
1608 2654 1662 2724 ita
1685 2676 1753 2724 nec

273 2801 464 2871 imminuit.
508 2796 751 2871 Consueverat
767 2800 932 2870 manibus
949 2800 1099 2891 propriis
1115 2798 1235 2869 multa
1250 2800 1387 2871 facero:
1413 2800 1608 2892 plurimum
1624 2798 1753 2873 scribe-

273 2948 334 3019 bat
352 2956 390 3017 et
413 2948 584 3019 decenter
608 2948 744 3018 rituum
770 2946 879 3018 libros
903 2947 1010 3040 hujus
1035 2947 1125 3031 loci3
1151 2970 1412 3041 nonnunquam
1436 2957 1475 3019 et
1500 2950 1538 3018 in
1562 2948 1686 3033 hortis,
1713 2952 1752 3019 in

274 3097 486 3170 revellendis
503 3098 696 3199 arboribus,
714 3093 919 3180 inserendis,
937 3105 975 3168 et
989 3096 1067 3168 aliis
1079 3097 1116 3166 id
1129 3119 1254 3190 genus,
1271 3099 1317 3168 ad
1330 3093 1475 3167 sudores
1488 3095 1600 3190 usque
1616 3097 1754 3170 labora-

273 3248 344 3318 bat.
388 3244 458 3319 Vir
473 3245 558 3318 satis
570 3247 660 3339 pins,
679 3240 743 3317 nifl
761 3247 876 3318 carnis
889 3245 1136 3339 voluptatibus
1148 3252 1187 3316 et
1205 3247 1327 3316 veneri
1343 3242 1590 3318 succubuisset.
1632 3244 1754 3340 Hujus

272 3397 411 3469 abbatis
436 3405 608 3489 tempore,
632 3391 801 3489 magister
824 3393 983 3466 Jacobus
1009 3393 1162 3465 Bunche
1185 3393 1294 3464 abbas
1314 3381 1673 3477 Balmerenothenfis,
1700 3397 1755 3465 vir

139 3601 142 3608 ,
274 3543 620 3640 theologrn,‘floruit.
672 3542 750 3616 Sub
775 3541 1050 3638 resignationem
1073 3541 1214 3613 abbatis
1230 3539 1415 3622 Gulielmi,
1432 3536 1585 3632 suscepti
1608 3538 1691 3612 sunt
1715 3545 1752 3613 in

274 3694 526 3766 monachatum
551 3693 716 3764 dominus
733 3690 899 3762 Andreas
917 3689 1099 3772 Weddeil,
1117 3697 1156 3760 et
1172 3689 1339 3760 dominus
1355 3687 1514 3759 Joannes
1532 3687 1671 3772 Childe,
1689 3693 1751 3781 qui

275 3844 382 3914 etiam
399 3865 496 3914 nunc
513 3843 650 3923 vivunt,
669 3841 735 3911 viri
748 3838 849 3911 senes
867 3846 905 3909 et
921 3838 1033 3931 probi.

438 4076 620 4146 Donruus
635 4073 794 4145 Tnouss
811 4073 1066 4156 crearemus,
1084 4069 1216 4141 Annas
1234 4091 1256 4141 a
1274 4068 1436 4143 Krunos
1453 4070 1588 4144 XXII.

324 4286 484 4358 Primum
510 4281 712 4357 adolescens
730 4305 823 4354 anno
840 4281 923 4354 suos
948 4283 1077 4354 aetatis
1095 4282 1235 4352 decimo
1260 4281 1393 4365 ottavo,
1417 4307 1439 4352 a
1455 4284 1599 4354 domino
1624 4281 1753 4353 abbate

277 4434 458 4509 Gulielmo
493 4432 669 4506 Gaibreth
703 4432 816 4504 sottus
849 4427 902 4502 est
935 4424 1175 4502 cisterciensis
1209 4425 1366 4501 instituti
1403 4429 1623 4514 candidatus,
1656 4397 1780 4500 antro⁸

277 4585 422 4656 Domini
441 4589 547 4664 1487,
566 4583 624 4653 die
640 4583 810 4652 nimirum
829 4580 1060 4674 Epiphaniae.

323 4731 504 4804 Resoluta
529 4753 635 4814 anno,
660 4731 786 4801 codem
812 4731 922 4800 etiam
948 4727 1016 4811 die,
1043 4721 1096 4796 est
1121 4721 1302 4818 professus.
1361 4725 1536 4797 Sacerdos
1561 4725 1674 4798 fastus
1698 4723 1753 4796 est

277 4876 406 4972 postea,
426 4875 490 4950 sub
510 4874 671 4973 praesule
697 4873 876 4960 Roisense,
899 4878 936 4945 in
957 4876 1136 4945 novitiatu
1163 4874 1297 4944 domini
1326 4869 1475 4944 Davidis
1499 4873 1627 4968 Spens,
1655 4898 1751 4946 nunc

277 5029 411 5121 prioris.
452 5026 562 5098 Anno
579 5049 663 5098 vero
680 5026 827 5097 Domini
847 5029 952 5107 1499,
970 5022 1025 5094 Id.
1038 5022 1245 5106 Januarii,a
1256 5022 1401 5093 domino
1414 5021 1599 5096 Gulielmo
1610 5022 1753 5096 culros

1002 5191 1025 5242 n
