4500 6100
497 774 542 845 72
971 763 1219 839 HISTORIA
1244 763 1502 839 ABBATUM

498 959 612 1054 ipsum
628 982 713 1033 vero
738 962 919 1033 caminum
944 963 1115 1035 decenter
1138 962 1203 1033 ubi
1226 984 1323 1033 nunc
1347 957 1402 1031 est
1420 961 1522 1033 etad
1546 958 1777 1032 altitudinem
1801 960 1889 1031 tctti
1913 981 1975 1031 ex·

499 1108 650 1193 citavit3
683 1108 821 1180 addidit
855 1118 893 1180 et
923 1110 1087 1181 cubiculo
1120 1132 1194 1181 non
1222 1108 1419 1204 ignobilem
1453 1131 1499 1179 ex
1533 1103 1651 1179 assulis
1684 1131 1726 1179 ac
1761 1106 1977 1201 perpolitum

500 1251 727 1327 testudinem.
782 1254 935 1340 Dehinc,
961 1256 1208 1329 ambulacrum
1224 1257 1364 1329 abbatia
1389 1278 1473 1328 cum
1492 1252 1621 1328 sacello
1645 1256 1692 1327 ad
1707 1257 1885 1348 privatam
1900 1278 1977 1325 orc-

499 1406 637 1476 tionem
662 1405 779 1476 erexit
795 1428 817 1475 a
833 1404 1097 1487 fundamentis;
1123 1413 1232 1495 atque
1248 1400 1367 1475 assulis
1383 1426 1457 1474 non
1473 1404 1683 1477 indecenter
1698 1402 1839 1486 dolatio,
1859 1403 1978 1474 eidem

500 1551 703 1623 ambulacro
721 1552 901 1623 devexum
917 1549 1084 1623 solarium
1101 1561 1140 1623 et
1156 1572 1335 1625 cameram
1359 1551 1489 1645 adponi
1515 1552 1709 1625 mandavit.
1760 1550 1843 1623 Hoc
1863 1548 1979 1643 ipsum

500 1701 610 1773 etiam
627 1701 665 1771 in
681 1701 819 1771 minore
836 1696 897 1770 suo
915 1698 1035 1771 effecit
1059 1698 1235 1771 cubiculo.
1286 1698 1384 1783 Quid
1400 1720 1598 1771 memorem
1621 1695 1788 1769 solarium
1813 1692 1979 1791 ampliffi·

500 1868 611 1929 mum,
645 1846 714 1918 hoc
743 1842 805 1928 est,
837 1846 1005 1917 horreum
1038 1842 1183 1939 pensile,
1213 1848 1251 1919 in
1280 1847 1387 1917 domo
1419 1844 1668 1940 languentium
1697 1844 1978 1917 monachorum?

501 1992 598 2077 Quid
631 1994 879 2085 pavimentum
911 1988 1172 2085 peristyliorum
1202 1990 1410 2082 (claustrum
1439 2015 1536 2064 nunc
1570 1995 1714 2085 vocant)
1749 1990 1813 2064 sub
1842 1993 1978 2063 fornice

501 2139 669 2212 videlicet
695 2137 878 2233 utriusque
905 2141 1052 2234 portae?
1103 2140 1201 2225 Quid
1225 2141 1270 2212 de
1295 2142 1398 2211 novin
1422 2140 1532 2225 cellia,
1558 2146 1608 2223 et,
1627 2156 1670 2211 ut
1694 2140 1749 2211 illi
1773 2140 1979 2233 loquuntur,

500 2310 594 2359 novo
623 2288 856 2359 dormitorio?
915 2286 1051 2359 Annon
1081 2290 1203 2361 omnia
1237 2290 1462 2383 benignitate
1497 2297 1537 2361 et
1573 2288 1791 2361 liberalitate
1818 2286 1978 2359 'rhomae

502 2437 640 2509 abbatis
658 2458 754 2508 nunc
771 2434 853 2507 sunt
870 2434 1066 2509 constituta
1082 2458 1174 2529 quae
1190 2438 1289 2529 prius
1305 2432 1478 2529 nusquam
1495 2435 1681 2509 fecerant?

551 2584 611 2668 Et,
629 2606 676 2655 ne
693 2586 772 2677 quis
788 2582 908 2657 secum
922 2593 1077 2677 reputet,
1094 2583 1212 2681 multa
1227 2606 1275 2655 ex
1290 2584 1346 2655 bie
1363 2605 1471 2675 perro
1487 2606 1571 2655 aere
1586 2586 1639 2655 ita
1654 2584 1816 2655 conseer
1832 2592 1874 2655 ut
1890 2580 1980 2655 nihil

501 2756 660 2825 unquam
688 2734 860 2827 gravioris
893 2734 1010 2825 operis
1043 2727 1086 2802 fit
1115 2726 1307 2827 aggressus,
1341 2728 1557 2802 subscribam
1585 2731 1776 2825 mugnifioa
1805 2732 1980 2822 quaedum

504 2880 667 2952 aedificia
691 2902 783 2971 quae
808 2882 913 2951 variis
940 2878 1028 2953 11111
1052 2902 1117 2973 per
1141 2880 1297 2951 eundem
1321 2876 1405 2949 sunt
1429 2880 1556 2951 erecta
1608 2878 1705 2949 Illud
1729 2881 1769 2949 iu
1784 2880 1908 2973 primia
1923 2900 1982 2951 ce·

504 3030 636 3101 ccurrit
660 3029 757 3122 quod
780 3030 818 3101 in
843 3026 896 3100 sui
921 3024 1124 3102 monasterii
1149 3051 1244 3124 agro,
1270 3026 1332 3101 seu
1360 3028 1474 3101 mavia
1503 3026 1680 3122 Strathily
1703 3028 1860 3112 baronia,
1885 3051 1980 3100 nuuc

505 3179 674 3247 cernitur.
725 3175 770 3247 In
788 3176 939 3248 sormam
964 3177 1053 3248 11111
1078 3175 1153 3247 11111
1177 3173 1262 3248 satie
1278 3176 1434 3269 amplam
1451 3199 1519 3248 nec
1535 3179 1655 3248 minue
1671 3178 1802 3248 fortem
1818 3202 1841 3248 a
1856 3177 1981 3248 sunda-

505 3325 639 3394 mentin
667 3319 867 3394 construxit
897 3323 1053 3406 domum,
1083 3345 1178 3394 anno
1207 3322 1408 3399 Servatcria
1438 3319 1569 3396 onusti
1598 3327 1725 3417 quinto
1754 3334 1794 3396 et
1817 3320 1980 3396 vicesimo

506 3469 610 3564 supra
632 3466 986 3564 sesquimillesimum.
1037 3469 1136 3542 Huic
1161 3470 1284 3542 domui
1307 3473 1486 3565 porticum
1511 3494 1595 3544 oum
1617 3474 1732 3567 gradu
1756 3471 1897 3566 lapideo
1918 3495 1981 3564 pro

504 3619 639 3690 foribus
656 3619 798 3712 adjecit.
850 3619 1030 3703 Proxime,
1056 3620 1101 3692 ad
1126 3620 1285 3713 paranda
1308 3621 1450 3703 cibaria,
1477 3619 1680 3714 elegantem
1704 3623 1873 3714 popinam
1889 3622 1981 3692 occia

505 3769 631 3840 erexit.
683 3767 809 3860 Atque
826 3771 863 3840 in
881 3770 971 3841 11111
986 3769 1137 3852 ambitu,
1155 3777 1296 3840 veteres
1312 3777 1351 3840 et
1368 3765 1517 3840 11111111
1532 3767 1649 3850 aedes,
1674 3769 1714 3838 in
1738 3765 1840 3840 usum
1863 3764 1983 3862 postea

505 3917 668 3988 futurum
684 3916 933 4010 multiplicem,
951 3913 1161 3988 instauravit
1177 3940 1242 4010 per
1258 3912 1405 4010 singula

557 4062 667 4134 Anno
680 4071 865 4156 praeterea
877 4064 1012 4135 domini
1025 4061 1214 4136 millesimo
1230 4061 1514 4158 quingentesimo
1531 4063 1710 4136 tricesimo
1725 4062 1889 4150 seeundo,
1903 4089 1983 4138 aere

508 4211 666 4282 maximo
692 4211 786 4302 apud
811 4210 910 4284 suam
936 4206 1121 4282 eecleficm
1143 4212 1190 4284 ab
1215 4209 1346 4284 Ellone
1370 4212 1596 4307 magnificam
1613 4222 1652 4284 et
1668 4208 1915 4305 amplissimam
1939 4213 1983 4284 ab

509 4355 591 4453 ipsu
607 4359 851 4432 fundamentis
876 4360 1023 4430 domum
1048 4360 1174 4441 erexit,
1201 4380 1309 4451 quam
1333 4357 1457 4452 postea
1478 4360 1762 4433 imbricamentia
1785 4363 1897 4434 etiam
1921 4361 1985 4456 lig·

510 4509 588 4579 neis
612 4507 728 4578 voluit
753 4507 963 4578 contollam.
1014 4500 1086 4599 Ipsi
1111 4505 1247 4599 templo
1272 4507 1318 4578 ab
1335 4505 1466 4578 Ellonc
1485 4507 1602 4580 multa
1625 4509 1762 4580 addidit
1788 4505 1984 4591 necesscrin,

511 4663 553 4725 ut
577 4657 616 4726 in
640 4658 736 4728 tedbo
761 4663 800 4726 et
824 4655 1031 4748 pavimento
1056 4655 1356 4750 redintegrand03
1381 4635 1556 4728 nonnulla
1578 4657 1625 4729 ad
1653 4667 1916 4742 ornamentum,
1941 4658 1985 4729 de

513 4801 641 4895 quibua
657 4803 751 4875 infra
771 4800 967 4874 scribimus.
1018 4800 1117 4874 Pene
1134 4799 1264 4874 fimilia
1278 4801 1399 4874 effecit
1415 4800 1498 4874 suae
1514 4800 1684 4876 ecclesiae
1699 4806 1794 4898 apud
1811 4804 1985 4886 Rosciam,

513 4971 621 5044 quam
637 4950 762 5021 dicunt
778 4947 934 5022 Awueht
950 4950 1106 5022 nomine.
1154 4947 1215 5021 Ite
1233 4959 1421 5024 accuratur
1438 4959 1477 5022 et
1490 4951 1641 5046 vigilans
1656 4948 1775 5044 pastor
1789 4953 1836 5025 ad
1851 4949 1988 5050 singula
