4500 6100
696 782 1028 859 MoNAsusRII
1054 783 1092 856 A
1122 782 1349 859 KYNLOS.
1712 788 1754 859 71

291 982 410 1079 ligneis
444 976 583 1065 tesselis,
613 981 727 1053 veluti
760 982 876 1075 planis
905 982 1121 1064 imbricibus,
1152 982 1335 1053 contexit:
1374 988 1412 1052 et
1445 978 1634 1073 plumbum
1664 979 1759 1071 quod

294 1128 416 1215 visitur,
442 1129 568 1201 multis
584 1154 607 1201 a
622 1127 801 1203 vetustate
818 1130 906 1201 locis
922 1151 1051 1221 aquam
1063 1126 1326 1211 transmittens,
1351 1124 1509 1199 restituit
1530 1124 1758 1222 saepiuscule.

335 1276 467 1351 Nostro
485 1281 595 1351 etium
611 1286 784 1371 tempore,
799 1300 879 1351 eam
896 1278 982 1349 tetti
999 1284 1138 1370 partem
1155 1299 1248 1369 quae
1264 1275 1412 1347 chorum
1429 1277 1571 1369 integit,
1589 1276 1759 1367 utrinque

289 1449 376 1499 novo
391 1428 541 1521 plumbo
558 1428 695 1499 curant
712 1426 962 1498 adornandam.
1005 1424 1196 1519 Deinceps,
1213 1446 1381 1497 coronam
1397 1424 1524 1518 templi
1540 1446 1760 1515 quaquever-

287 1576 359 1649 sum
377 1578 550 1649 excitevit
574 1575 692 1667 lupide
717 1574 900 1667 quedrato‚
926 1574 965 1643 in
989 1595 1126 1646 moram
1143 1573 1312 1645 videlicet
1337 1570 1604 1644 corollariomm
1623 1573 1662 1641 in
1678 1594 1760 1664 pro-

285 1726 503 1821 pugnaculis,
520 1734 563 1796 ut
584 1725 802 1795 imbricatori
820 1721 942 1815 (quem
959 1724 1069 1793 etiam
1087 1722 1305 1816 tegularium
1322 1722 1505 1813 vocemus)
1521 1721 1639 1790 minor
1654 1720 1758 1790 fieret

285 1874 383 1945 lubor
396 1876 435 1944 in
452 1870 672 1945 restituendo
688 1873 784 1943 teuto
801 1868 828 1941 si
846 1871 989 1963 quando
1014 1868 1124 1941 scalas
1148 1870 1365 1941 admoveret.
1421 1868 1559 1941 Eadem
1586 1891 1694 1961 opera
1718 1877 1757 1938 et

284 2018 408 2109 studio,
434 2022 506 2093 divi
532 2019 745 2113 Hieronymi
769 2016 949 2103 sacellum,
976 2018 1126 2112 superne
1151 2016 1343 2103 ruinosum,
1369 2041 1443 2090 non
1466 2018 1678 2089 indecenter
1693 2040 1757 2110 per

284 2170 403 2241 omniu
425 2164 593 2240 restituit.
644 2166 828 2241 Excitavit
852 2176 1039 2260 praeterea
1064 2170 1101 2237 in
1126 2168 1254 2240 eodem
1277 2165 1415 2260 templo
1431 2167 1477 2237 ad
1492 2162 1760 2238 liacdficandum

283 2326 355 2388 tres
371 2338 450 2387 arua
464 2339 474 2400 3
499 2338 608 2388 unam
625 2316 707 2387 divo
718 2315 951 2409 Hieronymo,
970 2316 1072 2385 divae
1089 2312 1221 2385 Anuce
1238 2313 1398 2397 alteram,
1416 2315 1563 2385 tertiam
1579 2316 1618 2384 in
1630 2312 1758 2385 sacello

284 2472 532 2548 mortuorum;
565 2485 653 2556 ques
686 2465 798 2537 etiam
823 2470 952 2534 ornatu
977 2463 1073 2533 vario
1097 2468 1138 2531 et
1161 2458 1267 2532 saeris
1293 2457 1450 2563 restibus
1485 2458 1647 2555 religiose
1675 2458 1760 2531 satis

285 2614 473 2686 decoravit.
523 2608 721 2683 Constituit
736 2608 879 2704 insuper
894 2612 1009 2703 majus
1025 2608 1248 2702 horologium
1265 2610 1361 2701 quod
1377 2611 1417 2680 in
1433 2610 1570 2702 templo
1586 2608 1633 2681 ad
1649 2607 1761 2681 sacra·

284 2764 374 2831 rium
392 2761 545 2843 videtur,
570 2785 593 2831 a
608 2762 726 2853 cupite
753 2757 875 2852 (juxta
899 2758 1130 2851 paroemiam)
1146 2755 1259 2850 nsque
1275 2758 1321 2829 ad
1337 2757 1470 2850 pedes,
1495 2766 1534 2827 et
1551 2756 1650 2828 aliud
1667 2760 1757 2827 item

285 2910 410 2992 minus,
429 2909 542 2979 veluti
567 2909 829 2989 excitatorinm,
855 2929 926 2999 quo
952 2907 1115 2977 isutitur
1131 2928 1178 2977 ex
1203 2904 1319 2977 officio
1344 2906 1406 2998 qui
1431 2906 1646 2977 antelucano
1667 2914 1760 2977 tem-

284 3079 367 3148 pore
391 3059 437 3129 ad
455 3057 592 3128 divinas
608 3057 732 3128 landes
748 3055 980 3148 percinendaa
997 3053 1153 3147 reliquos
1169 3055 1298 3126 fratrea
1314 3056 1474 3126 excitare
1491 3051 1684 3126 consuevit.

330 3205 389 3276 Ac
406 3201 527 3276 statim
547 3207 586 3275 in
602 3206 707 3276 initio
723 3202 805 3275 suae
828 3202 1022 3286 clettionis,
1041 3226 1062 3274 e
1079 3203 1226 3296 regione
1250 3200 1355 3274 aulae
1378 3202 1518 3274 abbatis
1537 3203 1646 3294 juxta
1668 3205 1760 3275 euri-

284 3375 367 3444 pum
401 3353 601 3444 tubumque
633 3375 698 3445 per
730 3374 838 3444 quem
868 3374 960 3442 equa
993 3352 1037 3422 od
1067 3350 1296 3422 moletrinam
1331 3351 1515 3422 derivatur
1545 3350 1759 3434 monosterii,

285 3501 428 3570 domum
454 3523 476 3572 a
504 3500 748 3572 fundamentis
772 3495 916 3591 posuit;
945 3500 983 3568 in
1009 3521 1061 3579 eu,
1086 3495 1207 3569 nostro
1232 3507 1398 3590 tempore
1427 3499 1611 3570 Robertus
1639 3501 1758 3581 abbas,

286 3645 439 3740 ejusdem
463 3646 622 3720 Thomoe
646 3647 812 3719 alumnus
835 3655 874 3718 et
899 3644 1099 3718 declaratus
1123 3641 1304 3728 successor,
1330 3645 1539 3716 recumbere
1563 3645 1758 3718 consuevit.

286 3793 425 3878 Rursus,
455 3817 549 3867 anno
573 3791 695 3866 salutis
720 3794 898 3866 humanae
923 3787 1099 3864 tricesimo
1125 3790 1229 3885 supra
1256 3788 1609 3884 sesquimillesimum,
1634 3792 1759 3866 iisdem

255 4025 257 4030 ¹
285 3945 429 4016 aedibus
454 3938 700 4038 amplissimam
725 3943 857 4034 adjecit
881 3942 1125 4035 appendicem.
1178 3937 1224 4010 In
1247 3941 1372 4034 primis
1387 3937 1551 4012 subverse
1575 3941 1702 4014 rimosa
1717 3967 1759 4015 aa

285 4089 423 4164 vetusto
443 4093 482 4162 in
507 4115 551 4163 eo
576 4091 655 4162 loco
672 4089 890 4163 domuncula
905 4091 1011 4162 cedes
1028 4111 1138 4162 novas
1153 4091 1261 4182 priori
1279 4089 1441 4162 aedilicio
1456 4091 1639 4161 communi
1655 4092 1759 4164 coch-

286 4238 339 4313 lea
366 4241 574 4333 conjunxit:
608 4241 751 4334 egregia
775 4236 857 4310 sune
884 4233 1067 4321 seruitum,
1093 4259 1167 4308 non
1191 4239 1311 4309 minus
1335 4233 1524 4311 necessaria
1546 4235 1757 4312 monasterio

286 4411 389 4482 quern
414 4396 625 4460 ornamento
641 4387 809 4458 maximo.

332 4536 510 4631 Magnum
535 4544 720 4628 praetereo
744 4533 883 4606 abbatis
905 4532 1122 4616 cubiculum,
1148 4554 1230 4624 quo,
1255 4555 1320 4625 per
1342 4530 1523 4626 hospitum
1546 4531 1753 4617 absentiam,

286 4684 397 4756 veluti
416 4685 555 4754 minms
580 4683 732 4775 quadem
758 4681 841 4753 eulu
863 4684 902 4753 in
927 4681 1076 4774 prandio
1093 4687 1132 4752 et
1149 4702 1262 4751 coena
1284 4703 1368 4751 oum
1392 4679 1455 4752 sna
1477 4681 1613 4753 familia
1631 4685 1756 4767 utitur,

286 4831 407 4904 multis
431 4831 547 4902 modis
569 4827 787 4904 instauravit.
838 4830 884 4901 In
908 4830 1032 4924 primis
1057 4825 1247 4900 fenestram
1271 4826 1347 4900 illie
1370 4829 1511 4921 aperuit
1534 4831 1758 4928 quadrangu-

286 4975 394 5058 larem
411 4975 605 5056 habentem
631 4997 783 5060 crucem,
808 4975 871 5048 ubi
896 4983 1005 5047 antea
1034 4977 1227 5050 fumarium
1259 4971 1518 5070 ineptissimum
1547 4980 1754 5052 videbatur:
