<?xml version="1.0" encoding="UTF-8"?>
<!DOCTYPE html PUBLIC "-//W3C//DTD XHTML 1.0 Transitional//EN"
    "http://www.w3.org/TR/xhtml1/DTD/xhtml1-transitional.dtd">
<html xmlns="http://www.w3.org/1999/xhtml" xml:lang="en" lang="en">
 <head>
  <title>
</title>
<meta http-equiv="Content-Type" content="text/html;charset=utf-8" />
  <meta name='ocr-system' content='tesseract 3.04.00' />
  <meta name='ocr-capabilities' content='ocr_page ocr_carea ocr_par ocr_line ocrx_word'/>
</head>
<body>
  <div class='ocr_page' id='page_1' title='image "./ferreriihistori00ferrgoog_0064.png"; bbox 0 0 4500 6100; ppageno 0'>
   <div class='ocr_carea' id='block_1_1' title="bbox 497 731 1500 811">
    <p class='ocr_par' dir='ltr' id='par_1_1' title="bbox 497 731 1500 811">
     <span class='ocr_line' id='line_1_1' title="bbox 497 731 1500 811; baseline -0.007 0"><span class='ocrx_word' id='word_1_1' title='bbox 497 745 542 811; x_wconf 83' lang='grc'>30</span> <span class='ocrx_word' id='word_1_2' title='bbox 967 731 1216 807; x_wconf 83' lang='lat' dir='ltr'>HISTORIA</span> <span class='ocrx_word' id='word_1_3' title='bbox 1241 731 1500 806; x_wconf 83' lang='lat' dir='ltr'>ABBATUM</span> 
     </span>
    </p>
   </div>
   <div class='ocr_carea' id='block_1_2' title="bbox 498 926 1982 3107">
    <p class='ocr_par' dir='ltr' id='par_1_2' title="bbox 498 926 1979 2808">
     <span class='ocr_line' id='line_1_2' title="bbox 500 926 1978 1026; baseline -0.003 -22"><span class='ocrx_word' id='word_1_4' title='bbox 500 940 594 1006; x_wconf 89' lang='grc'><strong>1440</strong></span> <span class='ocrx_word' id='word_1_5' title='bbox 612 933 658 1004; x_wconf 93' lang='lat' dir='ltr'>ob</span> <span class='ocrx_word' id='word_1_6' title='bbox 674 953 799 1026; x_wconf 86' lang='lat' dir='ltr'>parum</span> <span class='ocrx_word' id='word_1_7' title='bbox 816 931 983 1025; x_wconf 90' lang='lat' dir='ltr'>pudicam</span> <span class='ocrx_word' id='word_1_8' title='bbox 1000 933 1113 1002; x_wconf 83' lang='lat' dir='ltr'>vitam</span> <span class='ocrx_word' id='word_1_9' title='bbox 1130 931 1176 1002; x_wconf 88' lang='lat' dir='ltr'>de</span> <span class='ocrx_word' id='word_1_10' title='bbox 1192 932 1305 1025; x_wconf 81' lang='lat' dir='ltr'>gradu</span> <span class='ocrx_word' id='word_1_11' title='bbox 1322 928 1385 1000; x_wconf 86' lang='lat' dir='ltr'>suo</span> <span class='ocrx_word' id='word_1_12' title='bbox 1402 930 1560 1022; x_wconf 67' lang='lat' dir='ltr'>dejestuu</span> <span class='ocrx_word' id='word_1_13' title='bbox 1585 927 1650 999; x_wconf 90' lang='lat' dir='ltr'>sub</span> <span class='ocrx_word' id='word_1_14' title='bbox 1667 927 1813 1001; x_wconf 77' lang='lat' dir='ltr'>Abbate</span> <span class='ocrx_word' id='word_1_15' title='bbox 1830 926 1858 1000; x_wconf 91' lang='lat' dir='ltr'>J</span> <span class='ocrx_word' id='word_1_16' title='bbox 1859 953 1978 1001; x_wconf 87' lang='lat' dir='ltr'>oanne</span> 
     </span>
     <span class='ocr_line' id='line_1_3' title="bbox 498 1075 1978 1173; baseline -0.003 -21"><span class='ocrx_word' id='word_1_17' title='bbox 498 1083 613 1164; x_wconf 83' lang='lat' dir='ltr'><strong>Elem,</strong></span> <span class='ocrx_word' id='word_1_18' title='bbox 642 1088 688 1152; x_wconf 77' lang='grc'>00</span> <span class='ocrx_word' id='word_1_19' title='bbox 714 1102 827 1152; x_wconf 82' lang='lat' dir='ltr'>annos</span> <span class='ocrx_word' id='word_1_20' title='bbox 842 1087 939 1150; x_wconf 80' lang='lat' dir='ltr'>totos</span> <span class='ocrx_word' id='word_1_21' title='bbox 956 1082 1095 1173; x_wconf 84' lang='lat' dir='ltr'>private</span> <span class='ocrx_word' id='word_1_22' title='bbox 1111 1075 1235 1172; x_wconf 90' lang='lat' dir='ltr'>postea</span> <span class='ocrx_word' id='word_1_23' title='bbox 1250 1080 1352 1150; x_wconf 85' lang='lat' dir='ltr'>vixit.</span> <span class='ocrx_word' id='word_1_24' title='bbox 1404 1077 1583 1150; x_wconf 82' lang='lat' dir='ltr'>Referunt</span> <span class='ocrx_word' id='word_1_25' title='bbox 1598 1078 1761 1171; x_wconf 83' lang='lat' dir='ltr'>majorca,</span> <span class='ocrx_word' id='word_1_26' title='bbox 1780 1101 1865 1150; x_wconf 91' lang='lat' dir='ltr'>cum</span> <span class='ocrx_word' id='word_1_27' title='bbox 1881 1080 1978 1150; x_wconf 84' lang='lat' dir='ltr'>fama</span> 
     </span>
     <span class='ocr_line' id='line_1_4' title="bbox 499 1221 1977 1321; baseline -0.004 -20"><span class='ocrx_word' id='word_1_28' title='bbox 499 1226 583 1301; x_wconf 82' lang='grc'><strong>01101</strong></span> <span class='ocrx_word' id='word_1_29' title='bbox 599 1229 695 1300; x_wconf 91' lang='lat' dir='ltr'>hunc</span> <span class='ocrx_word' id='word_1_30' title='bbox 709 1228 892 1300; x_wconf 84' lang='lat' dir='ltr'>Abbatem</span> <span class='ocrx_word' id='word_1_31' title='bbox 905 1227 1098 1320; x_wconf 88' lang='lat' dir='ltr'>plurimum</span> <span class='ocrx_word' id='word_1_32' title='bbox 1112 1221 1290 1321; x_wconf 81' lang='lat' dir='ltr'>collegiiie</span> <span class='ocrx_word' id='word_1_33' title='bbox 1301 1227 1485 1319; x_wconf 85' lang='lat' dir='ltr'>pecuniae,</span> <span class='ocrx_word' id='word_1_34' title='bbox 1502 1227 1607 1298; x_wconf 72' lang='lat' dir='ltr'>notio</span> <span class='ocrx_word' id='word_1_35' title='bbox 1620 1227 1774 1318; x_wconf 85' lang='lat' dir='ltr'>quadam</span> <span class='ocrx_word' id='word_1_36' title='bbox 1785 1229 1821 1296; x_wconf 87' lang='lat' dir='ltr'>vi</span> <span class='ocrx_word' id='word_1_37' title='bbox 1833 1236 1977 1319; x_wconf 86' lang='lat' dir='ltr'>raptum</span> 
     </span>
     <span class='ocr_line' id='line_1_5' title="bbox 499 1371 1977 1468; baseline -0.002 -21"><span class='ocrx_word' id='word_1_38' title='bbox 499 1379 663 1449; x_wconf 88' lang='lat' dir='ltr'>dedomo</span> <span class='ocrx_word' id='word_1_39' title='bbox 679 1375 742 1448; x_wconf 88' lang='lat' dir='ltr'>sua</span> <span class='ocrx_word' id='word_1_40' title='bbox 758 1379 795 1448; x_wconf 93' lang='lat' dir='ltr'>in</span> <span class='ocrx_word' id='word_1_41' title='bbox 812 1383 916 1468; x_wconf 87' lang='lat' dir='ltr'>porta</span> <span class='ocrx_word' id='word_1_42' title='bbox 933 1372 1155 1458; x_wconf 86' lang='lat' dir='ltr'>Monasterii,</span> <span class='ocrx_word' id='word_1_43' title='bbox 1168 1375 1231 1445; x_wconf 93' lang='lat' dir='ltr'>ubi</span> <span class='ocrx_word' id='word_1_44' title='bbox 1243 1397 1357 1467; x_wconf 86' lang='lat' dir='ltr'>nuper</span> <span class='ocrx_word' id='word_1_45' title='bbox 1369 1373 1454 1445; x_wconf 78' lang='lat' dir='ltr'>arsit</span> <span class='ocrx_word' id='word_1_46' title='bbox 1470 1371 1651 1446; x_wconf 86' lang='lat' dir='ltr'>stabulum</span> <span class='ocrx_word' id='word_1_47' title='bbox 1668 1373 1835 1457; x_wconf 82' lang='lat' dir='ltr'>Abbatia,</span> <span class='ocrx_word' id='word_1_48' title='bbox 1853 1400 1876 1446; x_wconf 89' lang='lat' dir='ltr'>a</span> <span class='ocrx_word' id='word_1_49' title='bbox 1891 1397 1977 1466; x_wconf 92' lang='lat' dir='ltr'>quo-</span> 
     </span>
     <span class='ocr_line' id='line_1_6' title="bbox 499 1519 1977 1617; baseline -0.002 -21"><span class='ocrx_word' id='word_1_50' title='bbox 499 1529 580 1598; x_wconf 89' lang='lat' dir='ltr'>dam</span> <span class='ocrx_word' id='word_1_51' title='bbox 598 1528 643 1597; x_wconf 85' lang='lat' dir='ltr'>de</span> <span class='ocrx_word' id='word_1_52' title='bbox 661 1523 800 1608; x_wconf 83' lang='lat' dir='ltr'>Duffua,</span> <span class='ocrx_word' id='word_1_53' title='bbox 826 1525 898 1617; x_wconf 92' lang='lat' dir='ltr'>qui,</span> <span class='ocrx_word' id='word_1_54' title='bbox 924 1519 1111 1596; x_wconf 80' lang='lat' dir='ltr'>frustratus</span> <span class='ocrx_word' id='word_1_55' title='bbox 1128 1525 1296 1616; x_wconf 90' lang='lat' dir='ltr'>opinione</span> <span class='ocrx_word' id='word_1_56' title='bbox 1320 1520 1392 1606; x_wconf 84' lang='lat' dir='ltr'>sua,</span> <span class='ocrx_word' id='word_1_57' title='bbox 1417 1521 1602 1594; x_wconf 85' lang='lat' dir='ltr'>Abbatem</span> <span class='ocrx_word' id='word_1_58' title='bbox 1622 1520 1744 1595; x_wconf 87' lang='lat' dir='ltr'>statim</span> <span class='ocrx_word' id='word_1_59' title='bbox 1761 1523 1923 1596; x_wconf 83' lang='lat' dir='ltr'>illaesum</span> <span class='ocrx_word' id='word_1_60' title='bbox 1938 1526 1977 1594; x_wconf 91' lang='lat' dir='ltr'>in</span> 
     </span>
     <span class='ocr_line' id='line_1_7' title="bbox 500 1669 1977 1766; baseline -0.003 -20"><span class='ocrx_word' id='word_1_61' title='bbox 500 1670 760 1747; x_wconf 86' lang='lat' dir='ltr'>Monasterium</span> <span class='ocrx_word' id='word_1_62' title='bbox 785 1675 881 1744; x_wconf 90' lang='lat' dir='ltr'>unde</span> <span class='ocrx_word' id='word_1_63' title='bbox 907 1674 1080 1746; x_wconf 76' lang='lat' dir='ltr'>eduxerat</span> <span class='ocrx_word' id='word_1_64' title='bbox 1105 1669 1261 1756; x_wconf 83' lang='lat' dir='ltr'>remifit3</span> <span class='ocrx_word' id='word_1_65' title='bbox 1287 1696 1331 1744; x_wconf 90' lang='lat' dir='ltr'>ea</span> <span class='ocrx_word' id='word_1_66' title='bbox 1354 1673 1398 1743; x_wconf 89' lang='lat' dir='ltr'>de</span> <span class='ocrx_word' id='word_1_67' title='bbox 1421 1695 1471 1755; x_wconf 87' lang='lat' dir='ltr'>rc,</span> <span class='ocrx_word' id='word_1_68' title='bbox 1497 1679 1539 1742; x_wconf 91' lang='lat' dir='ltr'>ut</span> <span class='ocrx_word' id='word_1_69' title='bbox 1557 1672 1664 1766; x_wconf 78' lang='lat' dir='ltr'>vulgo</span> <span class='ocrx_word' id='word_1_70' title='bbox 1689 1671 1857 1754; x_wconf 83' lang='lat' dir='ltr'>creditur,</span> <span class='ocrx_word' id='word_1_71' title='bbox 1883 1673 1977 1744; x_wconf 89' lang='lat' dir='ltr'>maie</span> 
     </span>
     <span class='ocr_line' id='line_1_8' title="bbox 500 1819 1978 1913; baseline -0.001 -19"><span class='ocrx_word' id='word_1_72' title='bbox 500 1820 599 1895; x_wconf 85' lang='lat' dir='ltr'>ceffit</span> <span class='ocrx_word' id='word_1_73' title='bbox 611 1823 666 1893; x_wconf 88' lang='lat' dir='ltr'>iiii</span> <span class='ocrx_word' id='word_1_74' title='bbox 681 1823 837 1892; x_wconf 87' lang='lat' dir='ltr'>domuin</span> <span class='ocrx_word' id='word_1_75' title='bbox 849 1819 979 1891; x_wconf 85' lang='lat' dir='ltr'>Duffirs</span> <span class='ocrx_word' id='word_1_76' title='bbox 992 1829 1176 1913; x_wconf 87' lang='lat' dir='ltr'>perpetuo,</span> <span class='ocrx_word' id='word_1_77' title='bbox 1191 1819 1304 1892; x_wconf 84' lang='lat' dir='ltr'>veluti</span> <span class='ocrx_word' id='word_1_78' title='bbox 1318 1823 1379 1913; x_wconf 92' lang='lat' dir='ltr'>qui</span> <span class='ocrx_word' id='word_1_79' title='bbox 1392 1819 1649 1894; x_wconf 73' lang='lat' dir='ltr'>sacrosanctum</span> <span class='ocrx_word' id='word_1_80' title='bbox 1663 1820 1801 1894; x_wconf 82' lang='lat' dir='ltr'>Beatae</span> <span class='ocrx_word' id='word_1_81' title='bbox 1815 1823 1978 1895; x_wconf 75' lang='lat' dir='ltr'>Matrica</span> 
     </span>
     <span class='ocr_line' id='line_1_9' title="bbox 500 1967 1979 2065; baseline 0 -23"><span class='ocrx_word' id='word_1_82' title='bbox 500 1971 641 2064; x_wconf 82' lang='lat' dir='ltr'>Kynioe</span> <span class='ocrx_word' id='word_1_83' title='bbox 659 1969 808 2040; x_wconf 86' lang='lat' dir='ltr'>Numan</span> <span class='ocrx_word' id='word_1_84' title='bbox 826 1971 864 2038; x_wconf 91' lang='lat' dir='ltr'>in</span> <span class='ocrx_word' id='word_1_85' title='bbox 880 1967 943 2039; x_wconf 88' lang='lat' dir='ltr'>suo</span> <span class='ocrx_word' id='word_1_86' title='bbox 957 1967 1102 2040; x_wconf 85' lang='lat' dir='ltr'>Abbate</span> <span class='ocrx_word' id='word_1_87' title='bbox 1118 1970 1164 2040; x_wconf 87' lang='lat' dir='ltr'>ad</span> <span class='ocrx_word' id='word_1_88' title='bbox 1182 1968 1359 2040; x_wconf 85' lang='lat' dir='ltr'>ultionem</span> <span class='ocrx_word' id='word_1_89' title='bbox 1375 1971 1589 2054; x_wconf 82' lang='lat' dir='ltr'>irritaverit3</span> <span class='ocrx_word' id='word_1_90' title='bbox 1613 1993 1724 2063; x_wconf 88' lang='lat' dir='ltr'>quare</span> <span class='ocrx_word' id='word_1_91' title='bbox 1738 1973 1830 2042; x_wconf 86' lang='lat' dir='ltr'>abiit</span> <span class='ocrx_word' id='word_1_92' title='bbox 1845 1975 1884 2042; x_wconf 92' lang='lat' dir='ltr'>in</span> <span class='ocrx_word' id='word_1_93' title='bbox 1901 1995 1979 2065; x_wconf 91' lang='lat' dir='ltr'>pro·</span> 
     </span>
     <span class='ocr_line' id='line_1_10' title="bbox 502 2115 1978 2212; baseline 0.003 -26"><span class='ocrx_word' id='word_1_94' title='bbox 502 2119 674 2200; x_wconf 89' lang='lat' dir='ltr'>verbium,</span> <span class='ocrx_word' id='word_1_95' title='bbox 693 2117 856 2187; x_wconf 83' lang='lat' dir='ltr'>futurum</span> <span class='ocrx_word' id='word_1_96' title='bbox 874 2127 916 2187; x_wconf 92' lang='lat' dir='ltr'>ut</span> <span class='ocrx_word' id='word_1_97' title='bbox 933 2126 1036 2210; x_wconf 88' lang='lat' dir='ltr'>porta</span> <span class='ocrx_word' id='word_1_98' title='bbox 1054 2115 1265 2190; x_wconf 80' lang='lat' dir='ltr'>Monasterii</span> <span class='ocrx_word' id='word_1_99' title='bbox 1278 2139 1300 2189; x_wconf 91' lang='lat' dir='ltr'>a</span> <span class='ocrx_word' id='word_1_100' title='bbox 1312 2117 1454 2212; x_wconf 86' lang='lat' dir='ltr'>Kynlos</span> <span class='ocrx_word' id='word_1_101' title='bbox 1466 2119 1611 2212; x_wconf 87' lang='lat' dir='ltr'>dejiciat</span> <span class='ocrx_word' id='word_1_102' title='bbox 1624 2118 1766 2191; x_wconf 82' lang='lat' dir='ltr'>Dufl&#39;na</span> <span class='ocrx_word' id='word_1_103' title='bbox 1817 2121 1896 2192; x_wconf 83' lang='lat' dir='ltr'>Sub</span> <span class='ocrx_word' id='word_1_104' title='bbox 1912 2123 1978 2191; x_wconf 88' lang='lat' dir='ltr'>hoc</span> 
     </span>
     <span class='ocr_line' id='line_1_11' title="bbox 501 2264 1979 2358; baseline 0 -20"><span class='ocrx_word' id='word_1_105' title='bbox 501 2267 647 2338; x_wconf 87' lang='lat' dir='ltr'>Abbate</span> <span class='ocrx_word' id='word_1_106' title='bbox 664 2265 830 2336; x_wconf 85' lang='lat' dir='ltr'>dominus</span> <span class='ocrx_word' id='word_1_107' title='bbox 843 2264 1026 2336; x_wconf 84' lang='lat' dir='ltr'>Arthurus</span> <span class='ocrx_word' id='word_1_108' title='bbox 1042 2267 1149 2358; x_wconf 84' lang='lat' dir='ltr'>hujus</span> <span class='ocrx_word' id='word_1_109' title='bbox 1165 2264 1235 2337; x_wconf 94' lang='lat' dir='ltr'>loci</span> <span class='ocrx_word' id='word_1_110' title='bbox 1251 2267 1447 2339; x_wconf 79' lang='lat' dir='ltr'>monachus</span> <span class='ocrx_word' id='word_1_111' title='bbox 1464 2267 1599 2339; x_wconf 76' lang='grc'><strong>0108100</strong></span> <span class='ocrx_word' id='word_1_112' title='bbox 1615 2265 1670 2339; x_wconf 83' lang='lat' dir='ltr'>est</span> <span class='ocrx_word' id='word_1_113' title='bbox 1686 2271 1724 2338; x_wconf 93' lang='lat' dir='ltr'>in</span> <span class='ocrx_word' id='word_1_114' title='bbox 1738 2268 1922 2340; x_wconf 83' lang='lat' dir='ltr'>Abbutem</span> <span class='ocrx_word' id='word_1_115' title='bbox 1935 2271 1979 2339; x_wconf 88' lang='lat' dir='ltr'>de</span> 
     </span>
     <span class='ocr_line' id='line_1_12' title="bbox 502 2411 1976 2512; baseline 0.001 -26"><span class='ocrx_word' id='word_1_116' title='bbox 502 2415 599 2500; x_wconf 84' lang='lat' dir='ltr'>Dior,</span> <span class='ocrx_word' id='word_1_117' title='bbox 627 2413 704 2512; x_wconf 92' lang='grc'><strong>[01]</strong></span> <span class='ocrx_word' id='word_1_118' title='bbox 731 2415 818 2486; x_wconf 88' lang='lat' dir='ltr'>ilinc</span> <span class='ocrx_word' id='word_1_119' title='bbox 843 2415 1022 2508; x_wconf 74' lang='lat' dir='ltr'>profetius</span> <span class='ocrx_word' id='word_1_120' title='bbox 1039 2411 1292 2487; x_wconf 82' lang='lat' dir='ltr'>monasterium</span> <span class='ocrx_word' id='word_1_121' title='bbox 1318 2418 1444 2487; x_wconf 85' lang='lat' dir='ltr'>decem</span> <span class='ocrx_word' id='word_1_122' title='bbox 1461 2439 1574 2488; x_wconf 79' lang='lat' dir='ltr'>annos</span> <span class='ocrx_word' id='word_1_123' title='bbox 1590 2419 1707 2501; x_wconf 80' lang='lat' dir='ltr'>rexit3</span> <span class='ocrx_word' id='word_1_124' title='bbox 1733 2419 1976 2489; x_wconf 75' lang='grc' dir='ltr'><strong>(101011οΙ100</strong></span> 
     </span>
     <span class='ocr_line' id='line_1_13' title="bbox 501 2560 1978 2656; baseline 0.001 -20"><span class='ocrx_word' id='word_1_125' title='bbox 501 2589 637 2637; x_wconf 85' lang='lat' dir='ltr'>marcas</span> <span class='ocrx_word' id='word_1_126' title='bbox 654 2564 814 2637; x_wconf 82' lang='lat' dir='ltr'>Scoticas</span> <span class='ocrx_word' id='word_1_127' title='bbox 832 2562 895 2634; x_wconf 92' lang='lat' dir='ltr'>suo</span> <span class='ocrx_word' id='word_1_128' title='bbox 912 2561 1128 2636; x_wconf 86' lang='lat' dir='ltr'>monasterio</span> <span class='ocrx_word' id='word_1_129' title='bbox 1140 2589 1162 2637; x_wconf 87' lang='lat' dir='ltr'>a</span> <span class='ocrx_word' id='word_1_130' title='bbox 1176 2560 1267 2635; x_wconf 88' lang='lat' dir='ltr'>Dier</span> <span class='ocrx_word' id='word_1_131' title='bbox 1282 2566 1439 2635; x_wconf 85' lang='lat' dir='ltr'>moriens</span> <span class='ocrx_word' id='word_1_132' title='bbox 1454 2563 1636 2656; x_wconf 77' lang='lat' dir='ltr'><strong>relinquit.</strong></span> <span class='ocrx_word' id='word_1_133' title='bbox 1688 2564 1814 2638; x_wconf 80' lang='lat' dir='ltr'>Abbau</span> <span class='ocrx_word' id='word_1_134' title='bbox 1832 2565 1978 2637; x_wconf 82' lang='lat' dir='ltr'>Fiutere</span> 
     </span>
     <span class='ocr_line' id='line_1_14' title="bbox 498 2712 1875 2808; baseline 0.001 -24"><span class='ocrx_word' id='word_1_135' title='bbox 498 2717 633 2808; x_wconf 87' lang='lat' dir='ltr'>recepit</span> <span class='ocrx_word' id='word_1_136' title='bbox 649 2717 687 2784; x_wconf 92' lang='lat' dir='ltr'>in</span> <span class='ocrx_word' id='word_1_137' title='bbox 704 2715 919 2785; x_wconf 90' lang='lat' dir='ltr'>monachum</span> <span class='ocrx_word' id='word_1_138' title='bbox 936 2714 1121 2784; x_wconf 90' lang='lat' dir='ltr'>dominum</span> <span class='ocrx_word' id='word_1_139' title='bbox 1138 2712 1163 2782; x_wconf 86' lang='lat' dir='ltr'>J</span> <span class='ocrx_word' id='word_1_140' title='bbox 1165 2735 1318 2784; x_wconf 88' lang='lat' dir='ltr'>oannem</span> <span class='ocrx_word' id='word_1_141' title='bbox 1337 2712 1474 2795; x_wconf 82' lang='lat' dir='ltr'>Oulros,</span> <span class='ocrx_word' id='word_1_142' title='bbox 1494 2715 1680 2784; x_wconf 87' lang='lat' dir='ltr'>dominum</span> <span class='ocrx_word' id='word_1_143' title='bbox 1697 2713 1875 2785; x_wconf 71' lang='lat' dir='ltr'>,Iacobum</span> 
     </span>
    </p>

    <p class='ocr_par' dir='ltr' id='par_1_3' title="bbox 499 2857 1982 3107">
     <span class='ocr_line' id='line_1_15' title="bbox 499 2857 1980 2956; baseline 0.001 -22"><span class='ocrx_word' id='word_1_144' title='bbox 499 2860 734 2956; x_wconf 81' lang='lat' dir='ltr'>piscationum</span> <span class='ocrx_word' id='word_1_145' title='bbox 760 2857 952 2942; x_wconf 85' lang='lat' dir='ltr'>custodem,</span> <span class='ocrx_word' id='word_1_146' title='bbox 979 2871 1017 2931; x_wconf 93' lang='lat' dir='ltr'>et</span> <span class='ocrx_word' id='word_1_147' title='bbox 1043 2861 1229 2932; x_wconf 90' lang='lat' dir='ltr'>dominum</span> <span class='ocrx_word' id='word_1_148' title='bbox 1250 2858 1476 2932; x_wconf 84' lang='lat' dir='ltr'>Gulielmum</span> <span class='ocrx_word' id='word_1_149' title='bbox 1502 2858 1673 2932; x_wconf 84' lang='lat' dir='ltr'>Bouston.</span> <span class='ocrx_word' id='word_1_150' title='bbox 1724 2861 1846 2956; x_wconf 82' lang='lat' dir='ltr'>Hujus</span> <span class='ocrx_word' id='word_1_151' title='bbox 1871 2867 1980 2935; x_wconf 88' lang='lat' dir='ltr'>ctiam</span> 
     </span>
     <span class='ocr_line' id='line_1_16' title="bbox 503 3003 1982 3107; baseline 0.001 -24"><span class='ocrx_word' id='word_1_152' title='bbox 503 3021 665 3105; x_wconf 88' lang='lat' dir='ltr'>tempore</span> <span class='ocrx_word' id='word_1_153' title='bbox 689 3009 854 3081; x_wconf 84' lang='lat' dir='ltr'>domiuus</span> <span class='ocrx_word' id='word_1_154' title='bbox 870 3008 1029 3081; x_wconf 84' lang='lat' dir='ltr'>Joannes</span> <span class='ocrx_word' id='word_1_155' title='bbox 1055 3007 1270 3093; x_wconf 85' lang='lat' dir='ltr'>Ranuidson,</span> <span class='ocrx_word' id='word_1_156' title='bbox 1298 3003 1537 3081; x_wconf 80' lang='lat' dir='ltr'>Meiroffenfia</span> <span class='ocrx_word' id='word_1_157' title='bbox 1551 3011 1758 3094; x_wconf 73' lang='lat' dir='ltr'>monachus,</span> <span class='ocrx_word' id='word_1_158' title='bbox 1785 3014 1824 3084; x_wconf 92' lang='lat' dir='ltr'>in</span> <span class='ocrx_word' id='word_1_159' title='bbox 1841 3012 1982 3107; x_wconf 83' lang='lat' dir='ltr'>Kynios</span> 
     </span>
    </p>
   </div>
   <div class='ocr_carea' id='block_1_3' title="bbox 503 3132 1982 3553">
    <p class='ocr_par' dir='ltr' id='par_1_4' title="bbox 503 3132 1982 3553">
     <span class='ocr_line' id='line_1_17' title="bbox 503 3132 1981 3252; baseline 0.002 -21"><span class='ocrx_word' id='word_1_160' title='bbox 503 3154 733 3252; x_wconf 82' lang='lat' dir='ltr'>transpofitua</span> <span class='ocrx_word' id='word_1_161' title='bbox 766 3154 828 3228; x_wconf 85' lang='lat' dir='ltr'>est.</span> <span class='ocrx_word' id='word_1_162' title='bbox 894 3157 938 3229; x_wconf 91' lang='lat' dir='ltr'>In</span> <span class='ocrx_word' id='word_1_163' title='bbox 970 3132 1078 3249; x_wconf 85' lang='lat' dir='ltr'>bujua</span> <span class='ocrx_word' id='word_1_164' title='bbox 1108 3156 1264 3228; x_wconf 85' lang='lat' dir='ltr'>Abbatia</span> <span class='ocrx_word' id='word_1_165' title='bbox 1297 3153 1507 3251; x_wconf 83' lang='lat' dir='ltr'>magistratu</span> <span class='ocrx_word' id='word_1_166' title='bbox 1537 3159 1663 3251; x_wconf 71' lang='lat' dir='ltr'>dejecti</span> <span class='ocrx_word' id='word_1_167' title='bbox 1692 3158 1775 3231; x_wconf 88' lang='lat' dir='ltr'>sunt</span> <span class='ocrx_word' id='word_1_168' title='bbox 1809 3159 1981 3233; x_wconf 85' lang='lat' dir='ltr'>Monacbi</span> 
     </span>
     <span class='ocr_line' id='line_1_18' title="bbox 504 3300 1982 3402; baseline 0.001 -23"><span class='ocrx_word' id='word_1_169' title='bbox 504 3307 592 3380; x_wconf 84' lang='lat' dir='ltr'><strong>Albi</strong></span> <span class='ocrx_word' id='word_1_170' title='bbox 618 3332 639 3379; x_wconf 97' lang='grc'>0</span> <span class='ocrx_word' id='word_1_171' title='bbox 664 3306 866 3400; x_wconf 80' lang='lat' dir='ltr'>Pluscardy,</span> <span class='ocrx_word' id='word_1_172' title='bbox 889 3315 936 3393; x_wconf 91' lang='grc' dir='ltr'>Ι01</span> <span class='ocrx_word' id='word_1_173' title='bbox 962 3306 1068 3401; x_wconf 83' lang='lat' dir='ltr'>Nigri</span> <span class='ocrx_word' id='word_1_174' title='bbox 1094 3300 1291 3377; x_wconf 85' lang='lat' dir='ltr'>intromiffi.</span> <span class='ocrx_word' id='word_1_175' title='bbox 1343 3304 1401 3376; x_wconf 88' lang='lat' dir='ltr'>Ex</span> <span class='ocrx_word' id='word_1_176' title='bbox 1421 3305 1538 3389; x_wconf 84' lang='lat' dir='ltr'>Albia,</span> <span class='ocrx_word' id='word_1_177' title='bbox 1569 3309 1640 3378; x_wconf 90' lang='lat' dir='ltr'>duo</span> <span class='ocrx_word' id='word_1_178' title='bbox 1668 3312 1812 3402; x_wconf 78' lang='lat' dir='ltr'>excepti</span> <span class='ocrx_word' id='word_1_179' title='bbox 1838 3307 1982 3382; x_wconf 89' lang='lat' dir='ltr'>suntin</span> 
     </span>
     <span class='ocr_line' id='line_1_19' title="bbox 508 3454 1982 3553; baseline 0.002 -25"><span class='ocrx_word' id='word_1_180' title='bbox 508 3457 659 3550; x_wconf 82' lang='lat' dir='ltr'>Kynioe,</span> <span class='ocrx_word' id='word_1_181' title='bbox 687 3459 753 3527; x_wconf 84' lang='lat' dir='ltr'>viz.</span> <span class='ocrx_word' id='word_1_182' title='bbox 775 3457 940 3526; x_wconf 87' lang='lat' dir='ltr'>dominns</span> <span class='ocrx_word' id='word_1_183' title='bbox 957 3454 1117 3527; x_wconf 86' lang='lat' dir='ltr'>Joannes</span> <span class='ocrx_word' id='word_1_184' title='bbox 1135 3454 1272 3547; x_wconf 84' lang='lat' dir='ltr'>Henry,</span> <span class='ocrx_word' id='word_1_185' title='bbox 1299 3463 1337 3525; x_wconf 91' lang='lat' dir='ltr'>et</span> <span class='ocrx_word' id='word_1_186' title='bbox 1362 3456 1527 3526; x_wconf 80' lang='lat' dir='ltr'>dominus</span> <span class='ocrx_word' id='word_1_187' title='bbox 1542 3455 1704 3529; x_wconf 77' lang='lat' dir='ltr'>ioannes</span> <span class='ocrx_word' id='word_1_188' title='bbox 1728 3456 1860 3553; x_wconf 81' lang='lat' dir='ltr'>Byneo.</span> <span class='ocrx_word' id='word_1_189' title='bbox 1911 3458 1982 3531; x_wconf 86' lang='lat' dir='ltr'>Sed</span> 
     </span>
    </p>
   </div>
   <div class='ocr_carea' id='block_1_4' title="bbox 504 3599 1984 3701">
    <p class='ocr_par' dir='ltr' id='par_1_5' title="bbox 504 3599 1984 3701">
     <span class='ocr_line' id='line_1_20' title="bbox 504 3599 1984 3701; baseline 0 -23"><span class='ocrx_word' id='word_1_190' title='bbox 504 3609 561 3679; x_wconf 89' lang='lat' dir='ltr'>hic</span> <span class='ocrx_word' id='word_1_191' title='bbox 578 3607 699 3701; x_wconf 84' lang='lat' dir='ltr'>Bynes</span> <span class='ocrx_word' id='word_1_192' title='bbox 716 3628 799 3678; x_wconf 93' lang='lat' dir='ltr'>cum</span> <span class='ocrx_word' id='word_1_193' title='bbox 818 3607 971 3699; x_wconf 86' lang='lat' dir='ltr'>turpiter</span> <span class='ocrx_word' id='word_1_194' title='bbox 984 3606 1122 3675; x_wconf 84' lang='lat' dir='ltr'>viveret</span> <span class='ocrx_word' id='word_1_195' title='bbox 1136 3607 1173 3675; x_wconf 92' lang='lat' dir='ltr'>in</span> <span class='ocrx_word' id='word_1_196' title='bbox 1190 3603 1341 3697; x_wconf 73' lang='lat' dir='ltr'>Kynioa</span> <span class='ocrx_word' id='word_1_197' title='bbox 1355 3599 1477 3697; x_wconf 86' lang='lat' dir='ltr'>postea</span> <span class='ocrx_word' id='word_1_198' title='bbox 1489 3604 1535 3676; x_wconf 87' lang='lat' dir='ltr'>ab</span> <span class='ocrx_word' id='word_1_199' title='bbox 1547 3603 1689 3676; x_wconf 86' lang='lat' dir='ltr'>Joanne</span> <span class='ocrx_word' id='word_1_200' title='bbox 1703 3606 1823 3679; x_wconf 83' lang='lat' dir='ltr'>Eliem</span> <span class='ocrx_word' id='word_1_201' title='bbox 1836 3607 1984 3680; x_wconf 85' lang='lat' dir='ltr'>Abbute</span> 
     </span>
    </p>
   </div>
   <div class='ocr_carea' id='block_1_5' title="bbox 506 3749 1864 3849">
    <p class='ocr_par' dir='ltr' id='par_1_6' title="bbox 506 3749 1864 3849">
     <span class='ocr_line' id='line_1_21' title="bbox 506 3749 1864 3849; baseline -0.001 -21"><span class='ocrx_word' id='word_1_202' title='bbox 506 3751 735 3849; x_wconf 73' lang='lat' dir='ltr'>transpositus</span> <span class='ocrx_word' id='word_1_203' title='bbox 752 3751 804 3826; x_wconf 89' lang='lat' dir='ltr'>est</span> <span class='ocrx_word' id='word_1_204' title='bbox 821 3756 859 3826; x_wconf 91' lang='lat' dir='ltr'>in</span> <span class='ocrx_word' id='word_1_205' title='bbox 875 3754 973 3836; x_wconf 88' lang='lat' dir='ltr'>Deir,</span> <span class='ocrx_word' id='word_1_206' title='bbox 995 3753 1056 3824; x_wconf 90' lang='lat' dir='ltr'>nbi</span> <span class='ocrx_word' id='word_1_207' title='bbox 1074 3763 1112 3823; x_wconf 91' lang='lat' dir='ltr'>et</span> <span class='ocrx_word' id='word_1_208' title='bbox 1129 3752 1258 3846; x_wconf 85' lang='lat' dir='ltr'>plenus</span> <span class='ocrx_word' id='word_1_209' title='bbox 1274 3753 1377 3824; x_wconf 83' lang='lat' dir='ltr'>annio</span> <span class='ocrx_word' id='word_1_210' title='bbox 1394 3754 1490 3823; x_wconf 86' lang='lat' dir='ltr'>diem</span> <span class='ocrx_word' id='word_1_211' title='bbox 1507 3749 1633 3825; x_wconf 84' lang='lat' dir='ltr'>claufit</span> <span class='ocrx_word' id='word_1_212' title='bbox 1650 3764 1864 3827; x_wconf 84' lang='lat' dir='ltr'>extremum.</span> 
     </span>
    </p>
   </div>
   <div class='ocr_carea' id='block_1_6' title="bbox 685 3997 1814 4228">
    <p class='ocr_par' dir='ltr' id='par_1_7' title="bbox 685 3997 1814 4228">
     <span class='ocr_line' id='line_1_22' title="bbox 685 3997 1814 4082; baseline -0.001 -10"><span class='ocrx_word' id='word_1_213' title='bbox 685 4002 868 4073; x_wconf 74' lang='lat' dir='ltr'>nonnus</span> <span class='ocrx_word' id='word_1_214' title='bbox 893 3999 1071 4072; x_wconf 74' lang='lat' dir='ltr'>Jornuns</span> <span class='ocrx_word' id='word_1_215' title='bbox 1097 3999 1241 4082; x_wconf 82' lang='lat' dir='ltr'>Eannu,</span> <span class='ocrx_word' id='word_1_216' title='bbox 1268 3997 1398 4069; x_wconf 74' lang='lat' dir='ltr'>Annas</span> <span class='ocrx_word' id='word_1_217' title='bbox 1423 4021 1446 4068; x_wconf 78' lang='lat' dir='ltr'>a</span> <span class='ocrx_word' id='word_1_218' title='bbox 1472 3998 1634 4073; x_wconf 69' lang='lat' dir='ltr'>Kianos</span> <span class='ocrx_word' id='word_1_219' title='bbox 1659 4000 1814 4074; x_wconf 72' lang='lat' dir='ltr'>XVIII:</span> 
     </span>
     <span class='ocr_line' id='line_1_23' title="bbox 868 4146 1628 4228; baseline 0.003 -9"><span class='ocrx_word' id='word_1_220' title='bbox 868 4147 970 4219; x_wconf 91' lang='lat' dir='ltr'>Obiit</span> <span class='ocrx_word' id='word_1_221' title='bbox 997 4154 1019 4219; x_wconf 84' lang='lat'>4</span> <span class='ocrx_word' id='word_1_222' title='bbox 1046 4148 1100 4218; x_wconf 92' lang='lat' dir='ltr'>Id.</span> <span class='ocrx_word' id='word_1_223' title='bbox 1121 4146 1207 4218; x_wconf 86' lang='lat' dir='ltr'>Feb.</span> <span class='ocrx_word' id='word_1_224' title='bbox 1225 4147 1336 4219; x_wconf 88' lang='lat' dir='ltr'>Auno</span> <span class='ocrx_word' id='word_1_225' title='bbox 1354 4146 1502 4218; x_wconf 87' lang='lat' dir='ltr'>Domini</span> <span class='ocrx_word' id='word_1_226' title='bbox 1522 4152 1628 4228; x_wconf 89' lang='grc'><strong>1467.</strong></span> 
     </span>
    </p>
   </div>
   <div class='ocr_carea' id='block_1_7' title="bbox 508 4340 1989 4887">
    <p class='ocr_par' dir='ltr' id='par_1_8' title="bbox 508 4340 1989 4887">
     <span class='ocr_line' id='line_1_24' title="bbox 559 4340 1985 4442; baseline 0.004 -27"><span class='ocrx_word' id='word_1_227' title='bbox 559 4346 595 4417; x_wconf 84' lang='grc'>10</span> <span class='ocrx_word' id='word_1_228' title='bbox 621 4345 781 4418; x_wconf 90' lang='lat' dir='ltr'>tabulam</span> <span class='ocrx_word' id='word_1_229' title='bbox 805 4346 948 4437; x_wconf 83' lang='lat' dir='ltr'>majoris</span> <span class='ocrx_word' id='word_1_230' title='bbox 971 4366 1051 4415; x_wconf 87' lang='lat' dir='ltr'>arae</span> <span class='ocrx_word' id='word_1_231' title='bbox 1069 4340 1395 4435; x_wconf 78' lang='lat' dir='ltr'>incomparabilem,</span> <span class='ocrx_word' id='word_1_232' title='bbox 1422 4344 1635 4417; x_wconf 84' lang='lat' dir='ltr'>candelabra</span> <span class='ocrx_word' id='word_1_233' title='bbox 1651 4347 1722 4417; x_wconf 92' lang='lat' dir='ltr'>duo</span> <span class='ocrx_word' id='word_1_234' title='bbox 1747 4359 1919 4442; x_wconf 82' lang='lat' dir='ltr'>argentea</span> <span class='ocrx_word' id='word_1_235' title='bbox 1942 4350 1985 4420; x_wconf 86' lang='lat' dir='ltr'>ud</span> 
     </span>
     <span class='ocr_line' id='line_1_25' title="bbox 508 4489 1984 4591; baseline 0.001 -25"><span class='ocrx_word' id='word_1_236' title='bbox 508 4497 622 4589; x_wconf 87' lang='lat' dir='ltr'>majus</span> <span class='ocrx_word' id='word_1_237' title='bbox 638 4495 761 4576; x_wconf 83' lang='lat' dir='ltr'>altare,</span> <span class='ocrx_word' id='word_1_238' title='bbox 779 4494 928 4565; x_wconf 86' lang='lat' dir='ltr'>tertium</span> <span class='ocrx_word' id='word_1_239' title='bbox 946 4516 992 4563; x_wconf 86' lang='lat' dir='ltr'>ex</span> <span class='ocrx_word' id='word_1_240' title='bbox 1009 4491 1220 4574; x_wconf 82' lang='lat' dir='ltr'>aurichalco,</span> <span class='ocrx_word' id='word_1_241' title='bbox 1237 4489 1342 4583; x_wconf 89' lang='lat' dir='ltr'>super</span> <span class='ocrx_word' id='word_1_242' title='bbox 1355 4513 1426 4582; x_wconf 92' lang='lat' dir='ltr'>quo</span> <span class='ocrx_word' id='word_1_243' title='bbox 1443 4491 1577 4586; x_wconf 83' lang='lat' dir='ltr'>iegitur</span> <span class='ocrx_word' id='word_1_244' title='bbox 1589 4490 1719 4563; x_wconf 79' lang='lat' dir='ltr'>Christi</span> <span class='ocrx_word' id='word_1_245' title='bbox 1737 4492 1984 4591; x_wconf 84' lang='lat' dir='ltr'>Evangelium,</span> 
     </span>
     <span class='ocr_line' id='line_1_26' title="bbox 509 4637 1988 4738; baseline -0.001 -22"><span class='ocrx_word' id='word_1_246' title='bbox 509 4644 646 4736; x_wconf 81' lang='lat' dir='ltr'>aliquot</span> <span class='ocrx_word' id='word_1_247' title='bbox 670 4646 779 4715; x_wconf 90' lang='lat' dir='ltr'>etiam</span> <span class='ocrx_word' id='word_1_248' title='bbox 805 4642 1013 4715; x_wconf 85' lang='lat' dir='ltr'>dalmaticas</span> <span class='ocrx_word' id='word_1_249' title='bbox 1039 4651 1077 4712; x_wconf 90' lang='lat' dir='ltr'>et</span> <span class='ocrx_word' id='word_1_250' title='bbox 1103 4637 1246 4723; x_wconf 79' lang='lat' dir='ltr'>casulas,</span> <span class='ocrx_word' id='word_1_251' title='bbox 1272 4637 1438 4711; x_wconf 86' lang='lat' dir='ltr'>insnum</span> <span class='ocrx_word' id='word_1_252' title='bbox 1473 4638 1736 4713; x_wconf 82' lang='lat' dir='ltr'>Monastorium</span> <span class='ocrx_word' id='word_1_253' title='bbox 1763 4646 1988 4738; x_wconf 81' lang='lat' dir='ltr'>deportavit3</span> 
     </span>
     <span class='ocr_line' id='line_1_27' title="bbox 510 4785 1989 4887; baseline 0.001 -23"><span class='ocrx_word' id='word_1_254' title='bbox 510 4794 681 4864; x_wconf 85' lang='lat' dir='ltr'>excitavit</span> <span class='ocrx_word' id='word_1_255' title='bbox 698 4800 882 4884; x_wconf 87' lang='lat' dir='ltr'>praeterea</span> <span class='ocrx_word' id='word_1_256' title='bbox 897 4800 1037 4884; x_wconf 88' lang='lat' dir='ltr'>portam</span> <span class='ocrx_word' id='word_1_257' title='bbox 1056 4785 1200 4863; x_wconf 85' lang='lat' dir='ltr'>claustri</span> <span class='ocrx_word' id='word_1_258' title='bbox 1217 4811 1301 4860; x_wconf 92' lang='lat' dir='ltr'>cum</span> <span class='ocrx_word' id='word_1_259' title='bbox 1317 4790 1453 4859; x_wconf 84' lang='lat' dir='ltr'>fornice</span> <span class='ocrx_word' id='word_1_260' title='bbox 1469 4791 1633 4887; x_wconf 59' lang='lat' dir='ltr'>proaime</span> <span class='ocrx_word' id='word_1_261' title='bbox 1657 4793 1703 4863; x_wconf 87' lang='lat' dir='ltr'>ad</span> <span class='ocrx_word' id='word_1_262' title='bbox 1726 4791 1989 4865; x_wconf 87' lang='lat' dir='ltr'>Monacborum</span> 
     </span>
    </p>
   </div>
   <div class='ocr_carea' id='block_1_8' title="bbox 512 4940 1991 5035">
    <p class='ocr_par' dir='ltr' id='par_1_9' title="bbox 512 4940 1991 5035">
     <span class='ocr_line' id='line_1_28' title="bbox 512 4940 1991 5035; baseline 0.001 -21"><span class='ocrx_word' id='word_1_263' title='bbox 512 4942 678 5025; x_wconf 87' lang='lat' dir='ltr'>culinam,</span> <span class='ocrx_word' id='word_1_264' title='bbox 702 4942 849 5033; x_wconf 89' lang='lat' dir='ltr'>parabat</span> <span class='ocrx_word' id='word_1_265' title='bbox 876 4940 1011 5033; x_wconf 85' lang='lat' dir='ltr'>lapidea</span> <span class='ocrx_word' id='word_1_266' title='bbox 1029 4948 1067 5009; x_wconf 87' lang='lat' dir='ltr'>et</span> <span class='ocrx_word' id='word_1_267' title='bbox 1084 4948 1221 5010; x_wconf 86' lang='lat' dir='ltr'>turrem</span> <span class='ocrx_word' id='word_1_268' title='bbox 1247 4960 1499 5031; x_wconf 88' lang='lat' dir='ltr'>campanarum</span> <span class='ocrx_word' id='word_1_269' title='bbox 1525 4948 1565 5011; x_wconf 88' lang='grc'>01</span> <span class='ocrx_word' id='word_1_270' title='bbox 1588 4942 1905 5035; x_wconf 79' lang='lat' dir='ltr'>contignationem,</span> <span class='ocrx_word' id='word_1_271' title='bbox 1931 4941 1991 5015; x_wconf 84' lang='lat' dir='ltr'>sed</span> 
     </span>
    </p>
   </div>
   <div class='ocr_carea' id='block_1_9' title="bbox 0 0 2273 6100">
    <p class='ocr_par' dir='ltr' id='par_1_10' title="bbox 0 0 2273 6100">
     <span class='ocr_line' id='line_1_29' title="bbox 0 0 2273 6100; baseline 0 0"><span class='ocrx_word' id='word_1_272' title='bbox 0 0 2273 6100; x_wconf 95' lang='lat' dir='ltr'> </span> 
     </span>
    </p>
   </div>
  </div>
 </body>
</html>
