4500 6100
505 792 550 861 69
977 784 1223 857 HISTORIA
1249 786 1508 858 ABBATUM

505 988 557 1057 ita
570 982 716 1077 Superis
730 1005 805 1053 rem
819 982 1114 1075 temperantibus.
1151 982 1265 1053 Paulo
1278 980 1356 1075 post
1370 986 1425 1053 vir
1437 1005 1519 1054 eum
1533 984 1710 1077 dignitate
1722 990 1802 1053 tum
1814 985 1985 1080 religione

504 1130 650 1227 insignis
677 1134 841 1204 dominus
865 1130 1025 1202 Joannes
1051 1131 1254 1203 Sohanwell
1279 1132 1388 1203 abhas
1417 1128 1622 1209 monasterii
1646 1155 1669 1202 a
1693 1131 1824 1226 Cupro,
1852 1134 1917 1205 nbi
1942 1135 1986 1207 de

505 1306 616 1375 puero
634 1278 828 1364 audivisset,
854 1304 926 1351 non
944 1278 1100 1375 segniter
1122 1283 1267 1372 quidem
1293 1280 1365 1364 ille,
1391 1290 1554 1352 attamen
1579 1280 1726 1352 volente
1751 1281 1832 1353 Deo
1849 1280 1986 1366 frustra,

506 1432 712 1513 elaboravit,
742 1440 785 1501 ut
815 1428 878 1501 srbi
906 1428 1039 1521 suoque
1069 1426 1282 1500 monasterio
1308 1430 1520 1501 traderetur.
1577 1429 1757 1522 cupiebat
1782 1433 1879 1503 enirn
1905 1455 1987 1505 cnm

506 1582 619 1655 altero
636 1582 800 1673 egregiae
826 1580 955 1650 indolis
983 1576 1250 1651 adolescentulo
1274 1580 1368 1649 bene
1387 1579 1531 1650 literato
1547 1579 1758 1651 Alexandro
1783 1578 1920 1665 Heton,
1950 1583 1987 1653 in

506 1730 608 1801 sunm
637 1727 890 1800 monasterium
924 1728 1097 1798 Thomam
1130 1736 1321 1819 cooptare3
1355 1738 1393 1797 et
1423 1736 1526 1798 amnt
1554 1729 1716 1801 conse&
1745 1752 1839 1821 pene
1868 1732 1988 1801 omnia

507 1876 571 1950 nisi
590 1878 697 1948 solers
723 1877 915 1968 prudentia
931 1877 1043 1946 divini
1059 1876 1216 1945 hominis
1240 1876 1378 1945 domini
1403 1876 1577 1947 Gulielmi
1603 1876 1779 1949 Galhreth
1803 1878 1944 1949 abbatis
1967 1902 1990 1949 a

507 2024 648 2116 Kynlos
672 2020 878 2095 obstetisset.
932 2023 1028 2094 Nam
1055 2046 1138 2093 cnm
1163 2046 1211 2093 ex
1236 2023 1353 2095 offieio
1379 2034 1418 2096 et
1442 2026 1665 2097 authoritate
1688 2024 1759 2109 sua,
1784 2027 1991 2099 abbatema

508 2172 651 2245 Onlross
668 2198 709 2245 ao
728 2182 844 2244 totam
863 2172 960 2243 illam
979 2172 1215 2254 sodalitatem,
1233 2180 1276 2241 ut
1292 2167 1319 2240 sr
1336 2175 1423 2264 quid
1440 2183 1587 2245 nutaret
1603 2176 1642 2244 in
1658 2174 1821 2245 ordinem
1846 2184 1990 2269 cogeret

510 2348 595 2395 cura
611 2321 673 2393 sua
689 2318 864 2415 pastorali,
882 2318 1098 2414 saepiuscule
1115 2319 1293 2403 inviseret,
1319 2320 1468 2392 offendit
1489 2320 1664 2394 Thomam
1682 2324 1760 2415 jam
1777 2322 1882 2394 alteri
1898 2347 1990 2417 pene

507 2473 697 2559 additium.
748 2470 894 2553 Tamen,
913 2473 997 2561 quia
1013 2493 1069 2541 res
1086 2480 1164 2541 crat
1188 2467 1400 2561 hujusmodi,
1425 2478 1469 2539 ut
1485 2469 1523 2539 in
1541 2468 1717 2541 diversum
1739 2474 1831 2542 eitra
1846 2493 1989 2543 omnem

507 2622 675 2714 injuriam
701 2619 794 2689 flesti
817 2615 939 2712 posset,
964 2622 1103 2689 curavit
1121 2619 1175 2687 vir
1191 2620 1359 2709 optimus,
1377 2626 1419 2686 ut
1436 2619 1543 2688 rebus
1565 2616 1636 2689 suis
1661 2621 1699 2689 in
1723 2621 1847 2711 primis
1867 2618 1992 2691 oonsu-

510 2769 610 2840 leret.
661 2768 826 2839 Tentatis
856 2768 1031 2849 omnibus,
1060 2764 1367 2837 adolescentulum
1390 2764 1565 2836 Thomam
1588 2767 1634 2837 ad
1659 2764 1697 2839 se
1719 2770 1842 2838 venire
1860 2768 1991 2860 jubet3

509 2939 616 3010 quem
651 2938 733 2987 oum
764 2912 902 2985 vidisset
932 2915 1069 2985 liberali
1100 2916 1191 2985 faeie
1219 2922 1257 2985 et
1288 2914 1441 3004 quadam
1468 2912 1570 2984 senili
1595 2915 1789 3006 prudentia
1813 2926 1991 2998 ornatum,

508 3063 628 3136 statim
663 3065 852 3144 adamavit,
880 3064 1026 3156 egitque
1055 3085 1139 3132 eum
1165 3063 1374 3154 parentibus
1406 3072 1444 3133 et
1469 3063 1566 3133 illius
1592 3062 1660 3134 loci
1686 3066 1827 3148 abbate,
1859 3076 1901 3138 nt
1930 3066 1991 3137 suo

509 3210 722 3284 monasterio
739 3211 893 3282 Thomas
919 3208 1187 3281 adscriberetur.
1240 3209 1315 3280 Ubi
1341 3211 1446 3280 facile
1471 3209 1690 3304 impetrasset
1707 3215 1802 3303 quod
1827 3216 1990 3306 petierat,

510 3361 629 3452 eoepit
655 3369 693 3430 et
714 3354 1021 3430 adolescentulum
1046 3360 1279 3450 pereundam,
1306 3381 1394 3428 num
1417 3359 1602 3452 placerent
1628 3363 1749 3432 omnia
1773 3384 1866 3454 quae
1890 3365 1937 3434 de
1956 3361 1992 3434 se

511 3504 720 3582 audivisset?
760 3507 821 3578 Ad
839 3507 926 3577 haec
943 3503 1126 3576 subridens
1144 3504 1308 3588 Thomas,
1334 3509 1445 3576 nimio
1470 3508 1514 3576 da
1535 3509 1678 3579 tantula
1699 3507 1793 3580 sorte
1817 3521 1992 3605 concepto

510 3659 650 3753 gaudio,
666 3658 803 3749 inquit;
825 3655 914 3726 illud
932 3653 1156 3747 perpetuosa
1170 3655 1397 3724 circumferre
1411 3656 1449 3723 in
1462 3658 1591 3738 animo,
1606 3664 1647 3726 ut
1660 3655 1839 3750 Deiparae
1849 3658 1993 3752 Virgini

439 3894 441 3897 v
513 3808 703 3899 aliquando
731 3807 895 3876 initiatus
920 3799 1124 3884 observiat3
1160 3824 1227 3872 neo
1251 3810 1376 3893 optare
1402 3802 1598 3873 feliciorem
1624 3799 1872 3898 transigendae
1899 3810 1994 3878 vitae

511 3957 641 4036 locum,
677 3976 783 4046 quam
811 3955 848 4022 in
878 3973 921 4022 eo
951 3947 1167 4020 monasterio
1197 3950 1327 4031 virere,
1359 3972 1423 4041 per
1450 3952 1546 4041 quod
1575 3950 1665 4021 illud
1693 3951 1829 4024 sartum
1858 3957 1993 4026 testum

512 4098 727 4184 consisteret,
745 4103 783 4170 in
801 4121 871 4191 quo
888 4100 1039 4190 primam
1057 4107 1095 4167 et
1111 4097 1297 4168 literarum
1315 4106 1353 4168 et
1370 4098 1546 4169 bonorum
1566 4121 1706 4170 morum
1731 4098 1994 4173 institutionem

512 4245 714 4342 excepisset.
766 4246 895 4331 Quem,
923 4267 1004 4314 oum
1028 4247 1080 4316 ita
1102 4243 1269 4314 effaetum
1287 4241 1425 4316 vidisset
1447 4247 1567 4330 abbas,
1593 4248 1789 4320 admiratus
1810 4247 1863 4320 est
1885 4251 1994 4343 pluri·

513 4423 613 4473 mum
628 4422 636 4482 ;
663 4422 704 4471 ao
721 4392 907 4467 studiofius
932 4395 1071 4464 curavit
1089 4391 1151 4480 (ne
1169 4395 1227 4464 via
1243 4394 1337 4464 sorte
1354 4396 1517 4484 quadam,
1545 4395 1602 4465 vel
1619 4391 1695 4466 astu
1712 4398 1901 4468 hominum
1916 4396 1995 4469 sub·

515 4551 677 4621 dolorum
694 4547 848 4618 Thomas
865 4540 930 4614 fibi
947 4544 1159 4634 eriperetur)
1177 4550 1220 4611 ut
1237 4541 1322 4612 data
1343 4551 1561 4634 acceptaque
1578 4543 1649 4614 fide
1666 4542 1748 4614 suus
1771 4545 1884 4616 fieret.
1935 4545 1995 4617 Ita

513 4694 718 4790 compositis
743 4695 909 4767 omnibus
935 4687 1198 4762 adolescentem
1215 4687 1335 4760 versus
1360 4688 1614 4761 monasterium
1631 4713 1653 4760 a
1668 4691 1811 4784 Kynlos
1831 4695 1993 4766 dimittit.

515 4847 610 4920 Illuc
627 4847 689 4916 ubi
707 4839 936 4923 adventasset,
955 4849 993 4910 et
1009 4835 1166 4909 subiisset
1183 4837 1310 4930 templi
1328 4839 1385 4926 (ut
1401 4841 1518 4930 aiunt)
1536 4862 1675 4922 navem,
1698 4840 1795 4911 illieo
1812 4843 1850 4910 in
1866 4843 1995 4914 faciem

518 4995 687 5076 crucifixi,
714 5017 760 5064 ex
786 5013 884 5062 more
911 4997 1056 5078 recepto
1082 4987 1176 5078 apud
1204 4986 1407 5067 catholicos,
1434 4987 1643 5058 adoratums
1672 4989 1885 5080 procumbit.
1937 4990 1995 5062 Ac
