4500 6100
948 728 1195 805 HISTORIA
1222 728 1479 801 ABBATUM

841 1037 865 1108 J
868 1058 1016 1111 urruns
1033 1038 1256 1110 annnnrus
1273 1037 1598 1110 Psnnrronrsrrus

531 1222 641 1294 Nunc
658 1222 703 1293 de
719 1223 821 1293 nobis
846 1222 999 1317 paucula
1023 1224 1192 1307 dicamus,
1218 1223 1521 1317 quemadmodum
1545 1223 1746 1315 recepimus
1771 1244 1837 1291 nos
1853 1219 1955 1314 paulo

481 1381 566 1443 ante
583 1372 737 1443 facturos
763 1372 858 1465 apud
874 1380 1022 1465 gentem
1039 1374 1210 1467 ignotam,
1233 1370 1401 1464 exemplo
1418 1368 1623 1442 Hieroninri
1640 1377 1679 1440 et
1696 1369 1849 1442 aliorum
1865 1367 1958 1439 illus·

478 1524 589 1591 trium
607 1516 829 1614 scriptorum,
847 1521 909 1613 qui
922 1516 1001 1591 suas
1019 1521 1128 1592 etiam
1146 1522 1239 1591 vitas
1251 1519 1366 1591 literis
1379 1514 1640 1613 consignarunt,
1653 1542 1727 1589 non
1744 1520 1790 1591 ad
1808 1517 1958 1589 ostenta·

480 1672 628 1753 tionem,
645 1666 706 1739 sed
723 1677 764 1739 ut
782 1670 819 1738 in
837 1669 1042 1761 cognitione
1058 1666 1226 1741 historiae
1242 1664 1442 1762 posteritati
1468 1665 1717 1751 consulerent;
1742 1669 1796 1738 ita
1811 1666 1957 1739 AEneam

481 1816 598 1889 fecisse
615 1818 767 1911 legimus
784 1816 880 1909 apud
897 1816 1104 1911 Virgilium,
1122 1840 1206 1888 cum
1223 1817 1268 1888 de
1285 1813 1321 1887 sc
1337 1818 1376 1887 in
1392 1818 1489 1887 hunc
1505 1818 1653 1888 modum
1671 1816 1841 1911 loquitur.

682 1964 772 2035 Sum
789 1966 871 2058 pius
887 1964 1019 2035 AEneas
1037 1966 1147 2037 vidos
1164 1968 1225 2059 qui
1242 1988 1288 2037 ex
1305 1962 1406 2036 hoste
1423 1965 1580 2037 Penates

677 2109 792 2185 Classe
810 2114 901 2184 veho
918 2135 1070 2185 meeum.

533 2264 670 2355 Itaque,
698 2258 806 2354 siquis
831 2262 924 2333 sorte
958 2264 1115 2354 requirat
1148 2265 1301 2356 patriam
1334 2260 1500 2347 nostram,
1534 2264 1644 2335 velim
1677 2263 1858 2358 intelligat
1891 2260 1961 2334 esse

482 2412 637 2495 Italiam,
663 2434 710 2484 ex
726 2406 882 2505 Augusti
908 2408 1065 2483 Caesaris
1092 2409 1337 2504 descriptione,
1363 2414 1425 2505 qui
1449 2410 1560 2505 usque
1585 2414 1631 2485 ad
1648 2410 1798 2506 Alpium
1825 2414 1960 2484 radices

482 2561 625 2633 Italiam
640 2557 857 2655 designavit;
874 2556 927 2631 sm
941 2558 1070 2632 Italiae
1087 2570 1227 2653 partem
1244 2562 1366 2654 cupiat
1383 2558 1572 2655 agnoscere
1589 2558 1770 2654 quispiam,
1788 2558 1876 2633 sciat
1894 2558 1960 2631 esse

341 2752 342 2756 =
483 2710 691 2793 Insubrium,
719 2732 809 2802 quae
835 2718 873 2808 et
898 2708 1019 2782 Gallia
1043 2719 1185 2781 comata
1209 2709 1296 2781 olim
1321 2710 1416 2782 dista
1440 2706 1503 2781 est„
1555 2707 1612 2781 Ac
1638 2712 1676 2780 in
1694 2708 1859 2781 Insubria
1883 2732 1961 2780 eam

480 2870 620 2953 partem
637 2868 804 2931 tenemus
825 2882 932 2952 quam
949 2858 1056 2930 hodie
1072 2859 1374 2952 pedemontanam
1389 2860 1573 2953 regionem
1590 2859 1726 2930 dicunt.
1777 2856 1962 2951 Oppidum

481 3018 604 3080 autem
622 3006 675 3080 est
691 3009 729 3079 in
746 3007 984 3079 Pedemontio
1010 3006 1105 3100 quod
1122 3005 1184 3079 suo
1202 3008 1346 3081 nomine
1364 3007 1536 3080 Cherium
1553 3015 1693 3090 vocant,
1710 3001 1962 3100 amplissimum

482 3166 518 3228 et
535 3157 722 3227 hominum
739 3157 941 3248 frequentia
958 3165 995 3227 et
1013 3156 1214 3228 aedificium
1240 3152 1414 3228 structura
1430 3164 1468 3227 et
1486 3157 1690 3227 divitiarum
1716 3157 1840 3248 copia:
1867 3156 1963 3226 unde

481 3306 633 3398 majores
656 3301 765 3374 nostri
791 3305 965 3398 originem
990 3314 1144 3376 traxere.
1195 3304 1365 3376 Proxime
1391 3305 1436 3378 ad
1462 3306 1633 3398 oppidum
1663 3303 1784 3376 Cherii
1808 3304 1962 3377 secundo

480 3453 599 3547 lapide
622 3449 674 3526 est
701 3453 798 3525 aliud
824 3455 995 3548 oppidum
1020 3454 1139 3524 minus
1160 3454 1254 3545 quod
1279 3452 1342 3525 suo
1358 3455 1504 3525 nominc
1522 3453 1641 3547 Rippa
1663 3477 1774 3547 prope
1791 3453 1961 3526 chorium

482 3604 661 3676 vocitatur
678 3604 716 3674 in
733 3626 804 3695 quo
829 3602 948 3674 lucem
973 3602 1168 3674 aetheriam
1193 3604 1349 3695 primum
1374 3599 1559 3674 nascentes
1576 3603 1730 3673 vidimus
1746 3599 1811 3674 sub
1826 3625 1961 3674 annum

483 3750 630 3822 Domini
669 3758 771 3836 1502,
815 3751 953 3823 calculo
993 3773 1151 3832 romano,
1192 3754 1230 3820 in
1275 3745 1364 3821 festo
1406 3749 1618 3821 Dominicae
1652 3748 1959 3822 Annuntiationis.

483 3899 657 3970 Parentes
683 3869 874 3970 irabuimus
904 3922 951 3970 ex
977 3899 1091 3968 veteri
1119 3905 1157 3968 et
1183 3899 1368 3968 nominata
1393 3894 1477 3969 satis
1504 3898 1641 3970 familia
1668 3921 1734 3991 per
1761 3897 1960 3970 universam

483 4044 684 4117 Insubrium
706 4069 779 4116 non
805 4047 1096 4118 contemnendos.
1149 4044 1330 4138 Imprimis
1358 4045 1560 4118 Martinum
1591 4045 1792 4119 Ferrerium
1821 4058 1960 4141 patrem

483 4201 521 4263 et
546 4193 777 4265 catharinam
803 4193 980 4264 Finellam
1006 4202 1170 4265 matrem.
1221 4170 1324 4264 Aius
1348 4217 1451 4266 meus
1474 4219 1520 4266 ex
1537 4203 1638 4288 patre
1663 4197 1733 4268 suit
1758 4195 1960 4269 Gulielmus

484 4343 674 4427 Ferrerius,
693 4344 747 4414 vir
771 4339 963 4414 consularis
986 4351 1024 4413 et
1048 4342 1190 4435 probus,
1217 4343 1278 4434 qui
1295 4366 1406 4414 annos
1425 4349 1496 4416 103
1523 4346 1625 4415 vixit.
1677 4345 1836 4418 Proavus
1860 4370 1960 4419 meus

485 4516 530 4562 ex
556 4503 657 4586 patre
682 4494 752 4565 fuit
770 4493 962 4576 Martinus,
983 4493 1041 4565 avi
1059 4491 1232 4564 Gulielmi
1248 4501 1360 4585 pater,
1377 4495 1416 4563 in
1432 4517 1471 4564 re
1488 4493 1635 4565 militari
1651 4490 1814 4566 strenuus
1832 4497 1906 4567 dux
1924 4505 1960 4568 et

485 4638 707 4713 conestoulus
726 4639 847 4735 (quem
865 4643 1007 4736 vocant)
1031 4640 1204 4734 egregius.
1256 4637 1405 4712 Absvns
1430 4650 1553 4713 autem
1578 4665 1681 4714 meus
1703 4667 1749 4713 ex
1767 4652 1868 4736 patre
1893 4645 1961 4714 suit

484 4787 638 4861 Thomas
668 4789 859 4874 Ferrerius‚
887 4789 1040 4861 Martini
1066 4791 1188 4883 proavi
1217 4797 1329 4882 pater,
1357 4790 1449 4882 juris
1478 4789 1661 4883 utriusque
1691 4791 1813 4862 doctor
1841 4801 1880 4862 et
1908 4795 1962 4862 vir

486 4933 687 5009 consularis.
749 4939 821 5010 Sed
850 4939 938 5010 haec
970 4939 1009 5008 iu
1042 4935 1220 5032 presentia
1253 4938 1298 5009 de
1330 4961 1462 5033 genere
1501 4936 1620 5010 nostro
1647 4939 1740 5011 sistis.
1805 4939 1961 5012 Primam
