4500 6100
676 788 1006 863 MONASTERII
1030 790 1068 865 A
1093 790 1320 867 KYNLOS.
1694 801 1741 876 69

269 981 393 1081 Agnes,
420 1008 527 1079 quam
550 986 638 1059 olim
662 988 701 1057 in
725 1006 876 1059 uxorem
900 984 1058 1059 Jacobua
1075 986 1281 1082 Ogllviuaa
1301 988 1465 1061 Finlater
1484 988 1643 1065 habuilse
1665 1014 1741 1065 me·

270 1137 391 1208 moriae
407 1135 590 1229 proditum
615 1130 677 1207 est
728 1134 906 1228 Coeperat
930 1135 993 1206 illa
1017 1158 1100 1207 curn
1115 1136 1257 1218 abbate,
1275 1137 1322 1207 de
1340 1158 1425 1231 agro
1449 1140 1546 1230 apud
1563 1138 1740 1234 Strathily

265 1286 403 1355 nomine
429 1280 648 1365 Haninthfe,
674 1278 800 1377 spiritu
816 1282 960 1375 plenam
978 1286 1272 1367 contentionem
1296 1281 1358 1355 sed
1382 1284 1523 1358 abbatia
1540 1287 1739 1381 vigilantia,

264 1434 421 1523 protinus
445 1433 537 1503 hanc
562 1430 743 1503 flammam
767 1426 947 1523 repreffit3
973 1452 1040 1501 nec
1057 1429 1184 1503 luscari
1208 1431 1271 1502 diu
1287 1433 1409 1524 potuit
1434 1431 1499 1505 illa
1514 1434 1603 1525 quin
1618 1432 1740 1507 statim

263 1578 363 1651 causa
377 1582 533 1651 cuderet.
584 1576 644 1651 Ita
655 1600 715 1681 rea
731 1580 777 1651 ad
794 1578 963 1650 abbatem
979 1572 1201 1649 meritiffime
1217 1578 1334 1649 rediit.

306 1726 407 1799 Illud
435 1726 552 1798 multo
582 1722 787 1797 laborofiua
813 1727 908 1818 quod
937 1727 975 1797 in
1005 1726 1191 1797 dominnm
1211 1724 1393 1797 Joannem
1420 1724 1545 1799 Innesa
1569 1728 1737 1830 abbatem

266 1870 466 1947 monasterii
485 1873 633 1947 aDeire
649 1874 783 1946 neum
805 1869 867 1947 est.
917 1871 984 1945 Est
1007 1875 1045 1945 in
1076 1858 1334 1966 Buthquhania
1358 1876 1454 1968 apud
1478 1869 1663 1949 eeclesiam
1691 1877 1738 1949 ab

263 2022 389 2093 Ellone
415 2022 502 2093 villa
518 2044 626 2115 quam
641 2018 705 2092 suo
721 2022 867 2092 nomine
884 2019 1026 2093 Fethile
1051 2031 1204 2105 vocant;
1228 2021 1326 2095 illius
1343 2022 1452 2095 villae
1469 2024 1634 2109 decimae,
1657 2023 1737 2098 suas

261 2168 327 2243 else
344 2170 587 2243 contendebat
602 2170 712 2243 abbae
729 2192 751 2241 a
767 2168 898 2253 Deire;
923 2171 962 2239 in
978 2168 1164 2243 adversam
1179 2166 1396 2243 sententiam
1412 2171 1568 2245 Thomas
1589 2173 1700 2245 abbas
1716 2196 1738 2246 a

261 2317 399 2411 Kynloe
416 2318 608 2389 ferebatur.
650 2314 696 2388 In
715 2326 857 2389 tantum
873 2315 918 2391 lis
934 2318 1047 2389 crevit
1063 2325 1106 2388 ut
1124 2320 1325 2413 cognitores
1351 2320 1387 2388 in
1416 2315 1580 2391 concessu
1595 2322 1737 2413 provin-

263 2466 341 2538 ciali
366 2466 515 2539 abbatas
540 2487 664 2537 omnes
690 2460 930 2537 cisterciensis
953 2458 1110 2537 instituti
1127 2466 1224 2558 apud
1240 2464 1400 2537 Scotiam
1417 2466 1595 2549 habuerit,
1626 2470 1735 2560 idque

262 2612 470 2708 Edinburgi,
496 2615 535 2683 in
567 2612 720 2687 fratrum
754 2612 1038 2705 praedicatorum
1071 2608 1294 2683 monasterio.
1357 2610 1549 2707 Deinceps,
1584 2615 1622 2684 in
1655 2615 1734 2687 loco

256 2762 383 2853 judicis
416 2760 587 2855 praesulis
613 2760 860 2833 Aberdoniam
888 2762 1081 2833 introitum
1110 2756 1165 2831 est
1192 2763 1388 2855 negotium.
1441 2761 1570 2837 Vicus
1595 2764 1735 2837 duabus

261 2913 359 3003 (quaa
385 2912 530 2999 vocant)
555 2906 743 2981 sententiis
769 2908 963 2981 definitivis
986 2909 1095 2980 abbae
1120 2932 1144 2979 a
1164 2906 1276 2980 Deire
1299 2905 1470 3003 superiori
1487 2909 1549 2981 suo
1565 2910 1687 2982 abbati
1712 2936 1734 2983 a

260 3059 399 3154 Kynloa
424 3059 529 3132 facile
554 3055 663 3131 cellit.
715 3058 813 3130 Hinc
838 3059 951 3130 crevit
977 3059 1181 3130 omousia
1205 3056 1347 3150 Kynloa
1371 3057 1428 3149 (ut
1452 3044 1613 3132 reie'runt
1636 3059 1734 3130 illius

260 3209 324 3280 loci
341 3211 532 3302 oeconomi)
558 3205 681 3280 censue
703 3207 938 3301 quadraginta
953 3203 1072 3278 solidis
1088 3204 1237 3279 scoticia

304 3356 405 3429 Illud
436 3365 622 3448 praeterea
653 3349 815 3427 immensi
849 3363 889 3426 et
920 3376 1031 3448 prope
1064 3355 1284 3428 incredibilia
1316 3356 1447 3430 laboris
1479 3382 1563 3430 oum
1595 3359 1733 3430 Jacobo

259 3503 392 3588 Stuart
410 3504 522 3600 Regia
548 3503 739 3576 Scotorum
754 3503 839 3587 lilio,
857 3502 1043 3574 Moraviae
1068 3503 1201 3575 comite
1225 3504 1271 3573 de
1295 3502 1548 3596 piscationibus
1567 3501 1731 3576 aestuarii

259 3677 278 3725 a
308 3653 486 3725 Finderne
513 3653 783 3725 contentionem
812 3653 913 3722 inire
977 3649 1240 3736 Veruntamen,
1269 3660 1374 3722 tanta
1397 3650 1450 3722 est
1473 3650 1614 3750 semper
1642 3653 1731 3722 retii

259 3804 428 3895 potentia,
458 3810 501 3872 ut
530 3800 670 3871 nullum
701 3800 930 3892 quantumvis
953 3793 1130 3868 illustrem
1154 3796 1337 3868 hominem
1362 3799 1502 3890 injure
1526 3796 1732 3870 monasterii

260 3950 392 4022 tuendo
416 3949 635 4023 formidaret.
685 3945 814 4040 Itaque
830 3945 956 4017 multia
971 3946 1170 4016 rationibus
1191 3947 1277 4040 egit,
1293 3955 1337 4016 ut
1353 3947 1501 4018 modum
1516 3946 1674 4038 aliquem
1692 3949 1730 4016 in

258 4107 359 4170 tanta
374 4107 522 4189 tamque
538 4099 610 4168 acri
627 4097 859 4168 contentione
875 4093 1072 4168 offenderet
1088 4093 1160 4166 suia
1174 4096 1282 4168 rebus
1305 4098 1450 4168 omnino
1475 4119 1549 4167 non
1573 4096 1729 4178 malum;

259 4245 294 4316 id
305 4246 400 4337 quod
413 4244 518 4318 facile
530 4239 740 4338 contigisset,
757 4239 784 4314 fi
801 4243 941 4336 legibue
957 4250 995 4314 et
1006 4243 1080 4334 juri
1096 4242 1159 4315 sua
1173 4242 1314 4338 semper
1329 4239 1505 4316 constaret
1521 4245 1728 4316 authoritas.

258 4391 352 4488 Ergo
378 4415 462 4465 cum
489 4392 627 4464 videret
653 4392 762 4464 abbas
787 4393 950 4484 potentia
965 4393 1078 4486 magle
1103 4389 1139 4462 se
1156 4414 1264 4484 quam
1283 4393 1366 4484 jure
1387 4391 1463 4463 ullo
1487 4394 1634 4486 gravam
1659 4391 1730 4461 alia

258 4543 408 4632 quadam
424 4549 501 4613 arte
517 4563 594 4614 rem
610 4538 721 4634 ipsam
745 4541 914 4634 expedire
930 4541 1096 4612 tentavit.
1149 4540 1231 4612 Nec
1246 4538 1386 4632 prorsus
1401 4537 1593 4610 infeliciter
1608 4535 1727 4611 cellit:

259 4711 350 4772 uam,
367 4691 430 4760 ubl
446 4697 594 4761 centum
609 4690 815 4783 ottuaginta
830 4697 904 4759 tres
921 4688 1028 4760 libras
1043 4685 1194 4758 scoticas
1209 4683 1319 4757 semel
1342 4689 1592 4758 annumeravit
1607 4687 1727 4769 abbae,

259 4859 328 4908 non
344 4837 480 4908 invitus
495 4833 556 4908 suo
568 4837 642 4929 juri
659 4837 698 4906 in
714 4845 929 4929 perpetuum
945 4836 1170 4907 renunciavit
1187 4856 1316 4905 comeo.

305 4982 405 5055 Dum
429 4983 515 5056 telio
538 4984 687 5056 molitur
702 4985 757 5055 vir
775 4983 1016 5077 infatigabilis,
1043 4983 1154 5053 etiam
1176 4979 1365 5074 collapsam
1382 4991 1421 5052 et
1437 5003 1530 5074 pene
1552 4985 1727 5074 majorum
