4500 6100
540 763 589 829 st
1016 752 1262 828 HISTORIA
1288 753 1546 829 ABBATUM

541 950 669 1023 Marisa
686 950 847 1046 Virginis
865 959 903 1021 et
921 949 1064 1035 Matris,
1089 952 1247 1044 primum
1262 949 1348 1023 suae
1372 954 1412 1023 in
1431 951 1601 1023 abbatem
1623 950 1858 1044 promotionis
1882 948 2019 1022 nerum

541 1120 672 1193 magno
696 1120 764 1169 neo
789 1100 907 1171 minus
922 1096 1085 1192 religioso
1102 1106 1231 1170 ornatu
1247 1098 1398 1192 peregit.
1448 1095 1571 1169 Abeo
1588 1119 1673 1169 vero
1690 1105 1862 1191 tempore,
1882 1098 1920 1167 in
1937 1118 2021 1167 oon-

541 1238 722 1317 stitnendo
738 1244 801 1317 suo
817 1240 1040 1327 monasterio,
1057 1246 1096 1315 in
1112 1242 1391 1331 adversariorum
1403 1245 1647 1328 contentione,
1659 1245 1698 1315 in
1709 1241 1946 1317 instaurandis
1957 1266 2022 1337 per

542 1389 759 1467 vetustatem
782 1389 933 1465 ruinofis
949 1392 1129 1477 aedificiis,
1145 1394 1185 1462 in
1200 1390 1376 1485 ponendis
1400 1399 1439 1463 et
1463 1390 1664 1463 excitandis
1688 1392 1791 1461 noris
1806 1390 1965 1473 aedibus,
1982 1392 2021 1460 in

543 1542 706 1615 emendis
731 1564 815 1613 oum
839 1542 885 1613 ad
901 1538 1003 1613 usum
1019 1537 1101 1613 suae
1117 1539 1274 1612 familiae
1298 1547 1378 1611 tum
1402 1535 1653 1611 floritioiorum
1674 1535 1765 1611 nafis
1788 1539 1968 1633 argenteis
1984 1547 2024 1611 et

543 1690 648 1763 saeris
664 1687 830 1771 vestibus,
855 1692 893 1759 in
919 1689 1088 1783 cogendis
1109 1686 1247 1779 aliquot
1271 1683 1434 1779 oollepsss
1457 1686 1640 1759 monacbis
1663 1689 1703 1759 in
1726 1686 1898 1771 ordinem,
1923 1695 1963 1759 et
1986 1689 2024 1759 id

543 1860 658 1932 genus
675 1836 754 1908 aliis
771 1858 864 1928 pene
881 1836 1042 1917 infinitis,
1059 1842 1160 1905 totns
1176 1835 1256 1905 finit.

592 1982 650 2055 Ac
673 2004 785 2074 quum
810 1982 948 2053 videret
972 1980 1018 2053 ab
1043 1988 1165 2052 aetate
1188 1978 1226 2051 se
1252 1983 1290 2051 in
1315 2002 1545 2052 communem
1569 1990 1724 2053 mortem
1747 2004 1957 2076 properare3
1981 1994 2025 2053 nt

544 2131 614 2203 suis
631 2133 669 2201 in
685 2128 830 2223 longam
856 2125 1056 2199 consuleret
1080 2134 1239 2199 semtem
1263 2126 1454 2210 laboribus,
1478 2150 1574 2201 anno
1596 2124 1815 2223 <sexagesimo
1838 2124 2025 2222 postquam

544 2300 652 2364 natus
664 2299 751 2373 erat,
764 2292 880 2359 virum
896 2288 1063 2359 omnibns
1080 2288 1196 2358 modis
1211 2280 1536 2372 celebratissimum,
1549 2297 1590 2359 et
1604 2284 1774 2361 ecelesiae
1791 2286 2025 2361 Moravienfis

482 2510 487 2517 .
544 2438 795 2521 subdeosnum,
814 2438 868 2509 Μ.
887 2436 1088 2507 Robertum
1114 2434 1218 2519 Reid,
1243 2456 1342 2506 nuno
1367 2431 1622 2507 Maeeenatem
1646 2458 1778 2519 meum,
1804 2438 1842 2507 in
1862 2438 2025 2509 futurum

546 2589 713 2660 abbatem
738 2586 881 2678 delegit.
933 2580 1018 2654 Post
1042 2578 1244 2655 suooefforis
1268 2580 1494 2665 sledtionem,
1519 2604 1632 2655 annos
1656 2582 1737 2678 plus
1752 2586 1872 2655 minus
1888 2583 2026 2678 septem

546 2738 647 2807 vixit.
699 2734 743 2803 In
760 2731 906 2814 summa,
932 2732 978 2803 ab
994 2753 1038 2802 eo
1054 2754 1149 2803 anno
1174 2752 1245 2823 quo
1262 2730 1419 2822 primum
1443 2730 1563 2801 editus
1586 2727 1695 2803 estin
1717 2730 1837 2803 lucem
1862 2732 2027 2805 dominns

546 2884 700 2955 Thomas
717 2881 762 2953 ad
780 2889 983 2951 extremum
1000 2878 1096 2950 vitae
1121 2878 1227 2963 diem,
1248 2878 1360 2949 etiam
1376 2873 1484 2970 ipsius
1500 2874 1727 2964 consessione,
1752 2904 1866 2953 annos
1890 2879 2027 2975 septem

538 3040 588 3104 et
604 3028 789 3122 sexaginta
813 3022 972 3098 absolvit.
1027 3024 1150 3097 Tertio
1174 3034 1297 3097 antem
1313 3024 1491 3098 calendas
1506 3023 1669 3100 Jannarii
1686 3026 1828 3120 delatus
1843 3029 1889 3101 ad
1904 3053 2028 3104 mona-

549 3177 695 3249 sterium
707 3172 772 3245 sub
789 3174 929 3244 nostem
943 3174 980 3242 in
993 3170 1177 3264 sepulchro
1194 3196 1216 3243 a
1231 3172 1268 3244 se
1280 3168 1476 3244 eonstituto
1493 3175 1657 3267 proxime
1672 3177 1718 3248 ad
1734 3175 1909 3251 summam
1927 3202 2026 3252 aram

551 3323 750 3398 tumulatus
766 3317 828 3392 ssi.

1239 3471 1343 3537 1535.

1063 3657 1310 3727 REQUIESOAT
1333 3659 1379 3717 IN
1402 3659 1511 3718 Picis.

1224 3835 1350 3894 AMEN.
