<?xml version="1.0" encoding="UTF-8"?>
<!DOCTYPE html PUBLIC "-//W3C//DTD XHTML 1.0 Transitional//EN"
    "http://www.w3.org/TR/xhtml1/DTD/xhtml1-transitional.dtd">
<html xmlns="http://www.w3.org/1999/xhtml" xml:lang="en" lang="en">
 <head>
  <title>
</title>
<meta http-equiv="Content-Type" content="text/html;charset=utf-8" />
  <meta name='ocr-system' content='tesseract 3.04.00' />
  <meta name='ocr-capabilities' content='ocr_page ocr_carea ocr_par ocr_line ocrx_word'/>
</head>
<body>
  <div class='ocr_page' id='page_1' title='image "./ferreriihistori00ferrgoog_0060.png"; bbox 0 0 4500 6100; ppageno 0'>
   <div class='ocr_carea' id='block_1_1' title="bbox 392 3907 1641 4003">
    <p class='ocr_par' dir='ltr' id='par_1_1' title="bbox 392 3907 1641 4003">
     <span class='ocr_line' id='line_1_1' title="bbox 392 3907 1641 4003; baseline 0.002 -26"><span class='ocrx_word' id='word_1_1' title='bbox 392 3959 394 3961; x_wconf 88' lang='lat'>-</span> <span class='ocrx_word' id='word_1_2' title='bbox 504 3931 640 3981; x_wconf 89' lang='lat' dir='ltr'><strong>morem</strong></span> <span class='ocrx_word' id='word_1_3' title='bbox 666 3907 869 4003; x_wconf 87' lang='lat' dir='ltr'><strong>Anglorum</strong></span> <span class='ocrx_word' id='word_1_4' title='bbox 895 3910 1041 3981; x_wconf 92' lang='lat' dir='ltr'><strong>domum</strong></span> <span class='ocrx_word' id='word_1_5' title='bbox 1067 3908 1168 3981; x_wconf 92' lang='lat' dir='ltr'><strong>illam</strong></span> <span class='ocrx_word' id='word_1_6' title='bbox 1197 3910 1369 4002; x_wconf 89' lang='lat' dir='ltr'><strong>majorem</strong></span> <span class='ocrx_word' id='word_1_7' title='bbox 1394 3907 1641 4003; x_wconf 79' lang='lat' dir='ltr'>piscationum,</span> 
     </span>
    </p>
   </div>
   <div class='ocr_carea' id='block_1_2' title="bbox 965 727 1499 810">
    <p class='ocr_par' dir='ltr' id='par_1_2' title="bbox 965 727 1499 810">
     <span class='ocr_line' id='line_1_2' title="bbox 965 727 1499 810; baseline -0.013 -1"><span class='ocrx_word' id='word_1_8' title='bbox 965 735 1213 810; x_wconf 83' lang='lat' dir='ltr'>HISTORIA</span> <span class='ocrx_word' id='word_1_9' title='bbox 1240 727 1499 806; x_wconf 80' lang='lat' dir='ltr'>ABBATUM</span> 
     </span>
    </p>
   </div>
   <div class='ocr_carea' id='block_1_3' title="bbox 570 1085 1915 1335">
    <p class='ocr_par' dir='ltr' id='par_1_3' title="bbox 570 1085 1915 1335">
     <span class='ocr_line' id='line_1_3' title="bbox 570 1085 1915 1176; baseline 0 -18"><span class='ocrx_word' id='word_1_10' title='bbox 570 1086 754 1160; x_wconf 78' lang='lat' dir='ltr'><strong>Douiuua</strong></span> <span class='ocrx_word' id='word_1_11' title='bbox 771 1086 1001 1160; x_wconf 77' lang='lat' dir='ltr'><strong>Rronaanua</strong></span> <span class='ocrx_word' id='word_1_12' title='bbox 1359 1146 1369 1176; x_wconf 92' lang='lat'>,</span> <span class='ocrx_word' id='word_1_13' title='bbox 1387 1090 1518 1165; x_wconf 73' lang='lat' dir='ltr'><strong>Anaua</strong></span> <span class='ocrx_word' id='word_1_14' title='bbox 1535 1111 1559 1162; x_wconf 81' lang='lat' dir='ltr'><strong>a</strong></span> <span class='ocrx_word' id='word_1_15' title='bbox 1575 1088 1739 1163; x_wconf 71' lang='lat' dir='ltr'><strong>Kantoa</strong></span> <span class='ocrx_word' id='word_1_16' title='bbox 1756 1085 1915 1168; x_wconf 84' lang='lat' dir='ltr'><strong>Nonoa,</strong></span> 
     </span>
     <span class='ocr_line' id='line_1_4' title="bbox 805 1234 1666 1335; baseline 0.001 -28"><span class='ocrx_word' id='word_1_17' title='bbox 805 1234 907 1308; x_wconf 82' lang='lat' dir='ltr'><strong>Obiit</strong></span> <span class='ocrx_word' id='word_1_18' title='bbox 928 1238 973 1309; x_wconf 87' lang='lat'><strong>16</strong></span> <span class='ocrx_word' id='word_1_19' title='bbox 991 1235 1068 1308; x_wconf 85' lang='lat' dir='ltr'><strong>Gal.</strong></span> <span class='ocrx_word' id='word_1_20' title='bbox 1086 1236 1243 1335; x_wconf 79' lang='lat' dir='ltr'><strong>Augusti</strong></span> <span class='ocrx_word' id='word_1_21' title='bbox 1261 1240 1372 1312; x_wconf 88' lang='lat' dir='ltr'><strong>Anno</strong></span> <span class='ocrx_word' id='word_1_22' title='bbox 1390 1241 1540 1312; x_wconf 89' lang='lat' dir='ltr'><strong>Domini</strong></span> <span class='ocrx_word' id='word_1_23' title='bbox 1561 1245 1666 1316; x_wconf 75' lang='lat'><strong>1289.</strong></span> 
     </span>
    </p>
   </div>
   <div class='ocr_carea' id='block_1_4' title="bbox 497 1533 1990 1931">
    <p class='ocr_par' dir='ltr' id='par_1_4' title="bbox 497 1533 1990 1931">
     <span class='ocr_line' id='line_1_5' title="bbox 548 1533 1990 1634; baseline -0.001 -30"><span class='ocrx_word' id='word_1_24' title='bbox 548 1533 621 1605; x_wconf 89' lang='lat' dir='ltr'><strong>Hio</strong></span> <span class='ocrx_word' id='word_1_25' title='bbox 638 1535 793 1626; x_wconf 92' lang='lat' dir='ltr'><strong>primum</strong></span> <span class='ocrx_word' id='word_1_26' title='bbox 810 1533 1007 1606; x_wconf 84' lang='lat' dir='ltr'><strong>monaahua</strong></span> <span class='ocrx_word' id='word_1_27' title='bbox 1020 1535 1090 1607; x_wconf 82' lang='lat' dir='ltr'><strong>fuit</strong></span> <span class='ocrx_word' id='word_1_28' title='bbox 1102 1537 1199 1634; x_wconf 86' lang='lat' dir='ltr'><strong>apud</strong></span> <span class='ocrx_word' id='word_1_29' title='bbox 1212 1536 1311 1620; x_wconf 85' lang='lat' dir='ltr'>Deir,</span> <span class='ocrx_word' id='word_1_30' title='bbox 1329 1548 1368 1608; x_wconf 87' lang='lat' dir='ltr'><strong>at</strong></span> <span class='ocrx_word' id='word_1_31' title='bbox 1384 1537 1520 1609; x_wconf 84' lang='lat' dir='ltr'><strong>ibidem</strong></span> <span class='ocrx_word' id='word_1_32' title='bbox 1532 1537 1644 1608; x_wconf 84' lang='lat' dir='ltr'><strong>abbaa</strong></span> <span class='ocrx_word' id='word_1_33' title='bbox 1655 1536 1824 1627; x_wconf 59' lang='lat' dir='ltr'><strong>quintum</strong></span> <span class='ocrx_word' id='word_1_34' title='bbox 1851 1533 1990 1607; x_wconf 87' lang='lat' dir='ltr'><strong>deinde</strong></span> 
     </span>
     <span class='ocr_line' id='line_1_6' title="bbox 497 1678 1990 1780; baseline -0.003 -25"><span class='ocrx_word' id='word_1_35' title='bbox 497 1683 646 1756; x_wconf 66' lang='lat' dir='ltr'><strong>soledus</strong></span> <span class='ocrx_word' id='word_1_36' title='bbox 671 1680 724 1755; x_wconf 91' lang='lat' dir='ltr'><strong>est</strong></span> <span class='ocrx_word' id='word_1_37' title='bbox 741 1691 783 1756; x_wconf 87' lang='lat' dir='ltr'><strong>nt</strong></span> <span class='ocrx_word' id='word_1_38' title='bbox 799 1678 972 1776; x_wconf 83' lang='lat' dir='ltr'><strong>praeeffet</strong></span> <span class='ocrx_word' id='word_1_39' title='bbox 990 1680 1212 1760; x_wconf 85' lang='lat' dir='ltr'><strong>Monasterio</strong></span> <span class='ocrx_word' id='word_1_40' title='bbox 1228 1711 1251 1758; x_wconf 91' lang='lat' dir='ltr'><strong>a</strong></span> <span class='ocrx_word' id='word_1_41' title='bbox 1267 1686 1420 1780; x_wconf 85' lang='lat' dir='ltr'><strong>Kynloa.</strong></span> <span class='ocrx_word' id='word_1_42' title='bbox 1473 1684 1559 1758; x_wconf 90' lang='lat' dir='ltr'><strong>Huo</strong></span> <span class='ocrx_word' id='word_1_43' title='bbox 1576 1687 1688 1768; x_wconf 82' lang='lat' dir='ltr'><strong>venit,</strong></span> <span class='ocrx_word' id='word_1_44' title='bbox 1705 1694 1745 1756; x_wconf 88' lang='lat' dir='ltr'><strong>et</strong></span> <span class='ocrx_word' id='word_1_45' title='bbox 1761 1680 1990 1777; x_wconf 80' lang='lat' dir='ltr'><strong>compluscu-</strong></span> 
     </span>
     <span class='ocr_line' id='line_1_7' title="bbox 498 1833 1340 1931; baseline 0.002 -27"><span class='ocrx_word' id='word_1_46' title='bbox 498 1835 553 1906; x_wconf 84' lang='lat' dir='ltr'><strong>los</strong></span> <span class='ocrx_word' id='word_1_47' title='bbox 570 1855 682 1906; x_wconf 87' lang='lat' dir='ltr'><strong>annea</strong></span> <span class='ocrx_word' id='word_1_48' title='bbox 698 1834 757 1926; x_wconf 87' lang='lat' dir='ltr'><strong>pie</strong></span> <span class='ocrx_word' id='word_1_49' title='bbox 774 1833 876 1916; x_wconf 74' lang='lat' dir='ltr'><strong>vixit</strong></span> <span class='ocrx_word' id='word_1_50' title='bbox 895 1833 1004 1904; x_wconf 90' lang='lat' dir='ltr'><strong>homo</strong></span> <span class='ocrx_word' id='word_1_51' title='bbox 1020 1833 1129 1928; x_wconf 88' lang='lat' dir='ltr'><strong>plane</strong></span> <span class='ocrx_word' id='word_1_52' title='bbox 1145 1834 1340 1931; x_wconf 83' lang='lat' dir='ltr'><strong>religiosus.</strong></span> 
     </span>
    </p>
   </div>
   <div class='ocr_carea' id='block_1_5' title="bbox 601 2262 1884 2490">
    <p class='ocr_par' dir='ltr' id='par_1_5' title="bbox 601 2262 1884 2490">
     <span class='ocr_line' id='line_1_8' title="bbox 601 2262 1884 2352; baseline 0.002 -16"><span class='ocrx_word' id='word_1_53' title='bbox 601 2263 785 2337; x_wconf 79' lang='lat' dir='ltr'><strong>Domuua</strong></span> <span class='ocrx_word' id='word_1_54' title='bbox 1299 2323 1308 2352; x_wconf 93' lang='lat'><strong>,</strong></span> <span class='ocrx_word' id='word_1_55' title='bbox 1327 2269 1458 2340; x_wconf 73' lang='lat' dir='ltr'><strong>Anaua</strong></span> <span class='ocrx_word' id='word_1_56' title='bbox 1475 2289 1498 2338; x_wconf 79' lang='lat' dir='ltr'><strong>a</strong></span> <span class='ocrx_word' id='word_1_57' title='bbox 1515 2265 1679 2338; x_wconf 67' lang='lat' dir='ltr'><strong>Kianos</strong></span> <span class='ocrx_word' id='word_1_58' title='bbox 1696 2262 1884 2349; x_wconf 78' lang='lat' dir='ltr'><strong>Dacruua</strong></span> 
     </span>
     <span class='ocr_line' id='line_1_9' title="bbox 981 2415 1503 2490; baseline -0.006 -1"><span class='ocrx_word' id='word_1_59' title='bbox 981 2417 1083 2490; x_wconf 85' lang='lat' dir='ltr'><strong>Obiit</strong></span> <span class='ocrx_word' id='word_1_60' title='bbox 1100 2415 1211 2490; x_wconf 80' lang='lat' dir='ltr'><strong>Anno</strong></span> <span class='ocrx_word' id='word_1_61' title='bbox 1230 2416 1379 2489; x_wconf 88' lang='lat' dir='ltr'><strong>Domini</strong></span> <span class='ocrx_word' id='word_1_62' title='bbox 1398 2423 1503 2490; x_wconf 80' lang='lat'>1303.</span> 
     </span>
    </p>
   </div>
   <div class='ocr_carea' id='block_1_6' title="bbox 502 2711 1986 3704">
    <p class='ocr_par' dir='ltr' id='par_1_6' title="bbox 502 2711 1986 3704">
     <span class='ocr_line' id='line_1_10' title="bbox 551 2711 1985 2808; baseline -0.001 -25"><span class='ocrx_word' id='word_1_63' title='bbox 551 2712 628 2786; x_wconf 91' lang='lat' dir='ltr'><strong>Sub</strong></span> <span class='ocrx_word' id='word_1_64' title='bbox 645 2713 755 2784; x_wconf 89' lang='lat' dir='ltr'><strong>finem</strong></span> <span class='ocrx_word' id='word_1_65' title='bbox 780 2713 886 2806; x_wconf 81' lang='lat' dir='ltr'><strong>hujus</strong></span> <span class='ocrx_word' id='word_1_66' title='bbox 903 2714 1043 2786; x_wconf 85' lang='lat' dir='ltr'><strong>abbatia</strong></span> <span class='ocrx_word' id='word_1_67' title='bbox 1069 2713 1196 2785; x_wconf 86' lang='lat' dir='ltr'><strong>daoem</strong></span> <span class='ocrx_word' id='word_1_68' title='bbox 1221 2736 1334 2786; x_wconf 88' lang='lat' dir='ltr'><strong>annoa</strong></span> <span class='ocrx_word' id='word_1_69' title='bbox 1358 2722 1456 2786; x_wconf 78' lang='lat' dir='ltr'><strong>totos</strong></span> <span class='ocrx_word' id='word_1_70' title='bbox 1473 2712 1664 2784; x_wconf 88' lang='lat' dir='ltr'><strong>Eduardua</strong></span> <span class='ocrx_word' id='word_1_71' title='bbox 1681 2711 1886 2808; x_wconf 81' lang='lat' dir='ltr'><strong>Anglorum</strong></span> <span class='ocrx_word' id='word_1_72' title='bbox 1904 2714 1985 2785; x_wconf 82' lang='lat' dir='ltr'><strong>Rex</strong></span> 
     </span>
     <span class='ocr_line' id='line_1_11' title="bbox 502 2859 1984 2956; baseline -0.001 -23"><span class='ocrx_word' id='word_1_73' title='bbox 502 2862 630 2933; x_wconf 88' lang='lat' dir='ltr'><strong>Sootoa</strong></span> <span class='ocrx_word' id='word_1_74' title='bbox 659 2861 784 2932; x_wconf 86' lang='lat' dir='ltr'><strong>multis</strong></span> <span class='ocrx_word' id='word_1_75' title='bbox 814 2863 1049 2934; x_wconf 82' lang='lat' dir='ltr'><strong>incommodis</strong></span> <span class='ocrx_word' id='word_1_76' title='bbox 1078 2861 1217 2934; x_wconf 87' lang='lat' dir='ltr'><strong>afflixit.</strong></span> <span class='ocrx_word' id='word_1_77' title='bbox 1279 2861 1450 2956; x_wconf 82' lang='lat' dir='ltr'><strong>Regnum</strong></span> <span class='ocrx_word' id='word_1_78' title='bbox 1479 2863 1525 2933; x_wconf 92' lang='lat' dir='ltr'><strong>ad</strong></span> <span class='ocrx_word' id='word_1_79' title='bbox 1553 2859 1707 2934; x_wconf 86' lang='lat' dir='ltr'><strong>Fornam</strong></span> <span class='ocrx_word' id='word_1_80' title='bbox 1736 2863 1897 2946; x_wconf 87' lang='lat' dir='ltr'><strong>fluvium,</strong></span> <span class='ocrx_word' id='word_1_81' title='bbox 1923 2862 1984 2933; x_wconf 91' lang='lat' dir='ltr'><strong>ubi</strong></span> 
     </span>
     <span class='ocr_line' id='line_1_12' title="bbox 503 3007 1984 3107; baseline 0 -26"><span class='ocrx_word' id='word_1_82' title='bbox 503 3007 644 3083; x_wconf 87' lang='lat' dir='ltr'><strong>Roffiaa</strong></span> <span class='ocrx_word' id='word_1_83' title='bbox 662 3011 792 3085; x_wconf 79' lang='lat' dir='ltr'><strong>vedum</strong></span> <span class='ocrx_word' id='word_1_84' title='bbox 810 3007 873 3093; x_wconf 87' lang='lat' dir='ltr'><strong>est,</strong></span> <span class='ocrx_word' id='word_1_85' title='bbox 891 3012 927 3081; x_wconf 83' lang='lat' dir='ltr'><strong>vi</strong></span> <span class='ocrx_word' id='word_1_86' title='bbox 944 3011 1092 3083; x_wconf 87' lang='lat' dir='ltr'><strong>tandem</strong></span> <span class='ocrx_word' id='word_1_87' title='bbox 1110 3021 1272 3105; x_wconf 88' lang='lat' dir='ltr'><strong>oooupat.</strong></span> <span class='ocrx_word' id='word_1_88' title='bbox 1325 3010 1451 3083; x_wconf 83' lang='lat' dir='ltr'><strong>Abbaa</strong></span> <span class='ocrx_word' id='word_1_89' title='bbox 1474 3013 1585 3107; x_wconf 80' lang='lat' dir='ltr'><strong>igitur</strong></span> <span class='ocrx_word' id='word_1_90' title='bbox 1602 3035 1646 3083; x_wconf 91' lang='lat' dir='ltr'><strong>eo</strong></span> <span class='ocrx_word' id='word_1_91' title='bbox 1662 3020 1826 3105; x_wconf 85' lang='lat' dir='ltr'><strong>tempora</strong></span> <span class='ocrx_word' id='word_1_92' title='bbox 1842 3010 1984 3085; x_wconf 83' lang='lat' dir='ltr'><strong>secutus</strong></span> 
     </span>
     <span class='ocr_line' id='line_1_13' title="bbox 503 3158 1985 3258; baseline 0.002 -28"><span class='ocrx_word' id='word_1_93' title='bbox 503 3158 706 3254; x_wconf 80' lang='lat' dir='ltr'><strong>Anglorum</strong></span> <span class='ocrx_word' id='word_1_94' title='bbox 726 3160 905 3252; x_wconf 85' lang='lat' dir='ltr'><strong>judicium</strong></span> <span class='ocrx_word' id='word_1_95' title='bbox 922 3162 1037 3231; x_wconf 80' lang='lat' dir='ltr'><strong>varias</strong></span> <span class='ocrx_word' id='word_1_96' title='bbox 1059 3164 1227 3249; x_wconf 70' lang='lat' dir='ltr'><strong>extruxit</strong></span> <span class='ocrx_word' id='word_1_97' title='bbox 1252 3164 1376 3234; x_wconf 83' lang='lat' dir='ltr'><strong>domos</strong></span> <span class='ocrx_word' id='word_1_98' title='bbox 1393 3164 1440 3235; x_wconf 87' lang='lat' dir='ltr'><strong>ad</strong></span> <span class='ocrx_word' id='word_1_99' title='bbox 1456 3164 1608 3234; x_wconf 87' lang='lat' dir='ltr'><strong>formam</strong></span> <span class='ocrx_word' id='word_1_100' title='bbox 1630 3161 1892 3258; x_wconf 78' lang='lat' dir='ltr'><strong>Angiioanam3</strong></span> <span class='ocrx_word' id='word_1_101' title='bbox 1918 3166 1985 3257; x_wconf 86' lang='lat' dir='ltr'><strong>pri·</strong></span> 
     </span>
     <span class='ocr_line' id='line_1_14' title="bbox 504 3294 1983 3405; baseline 0.007 -26"><span class='ocrx_word' id='word_1_102' title='bbox 504 3332 602 3379; x_wconf 88' lang='lat' dir='ltr'><strong>mum</strong></span> <span class='ocrx_word' id='word_1_103' title='bbox 620 3312 658 3379; x_wconf 93' lang='lat' dir='ltr'><strong>in</strong></span> <span class='ocrx_word' id='word_1_104' title='bbox 677 3306 898 3379; x_wconf 86' lang='lat' dir='ltr'><strong>Monasterio</strong></span> <span class='ocrx_word' id='word_1_105' title='bbox 923 3312 1189 3405; x_wconf 79' lang='lat' dir='ltr'><strong>aegrotantium</strong></span> <span class='ocrx_word' id='word_1_106' title='bbox 1214 3294 1331 3394; x_wconf 79' lang='lat' dir='ltr'><strong>aeden,¹</strong></span> <span class='ocrx_word' id='word_1_107' title='bbox 1357 3308 1539 3395; x_wconf 88' lang='lat' dir='ltr'><strong>ustrinam‚</strong></span> <span class='ocrx_word' id='word_1_108' title='bbox 1563 3313 1642 3383; x_wconf 86' lang='lat' dir='ltr'><strong>bra·</strong></span> <span class='ocrx_word' id='word_1_109' title='bbox 1662 3328 1739 3397; x_wconf 70' lang='lat' dir='ltr'><strong>Qun</strong></span> <span class='ocrx_word' id='word_1_110' title='bbox 1758 3348 1849 3405; x_wconf 82' lang='lat' dir='ltr'><strong>nuper</strong></span> <span class='ocrx_word' id='word_1_111' title='bbox 1869 3329 1983 3389; x_wconf 79' lang='lat' dir='ltr'><strong>demoli-</strong></span> 
     </span>
     <span class='ocr_line' id='line_1_15' title="bbox 504 3456 1985 3554; baseline 0.001 -24"><span class='ocrx_word' id='word_1_112' title='bbox 504 3457 625 3542; x_wconf 88' lang='lat' dir='ltr'><strong>finam,</strong></span> <span class='ocrx_word' id='word_1_113' title='bbox 657 3469 695 3531; x_wconf 92' lang='lat' dir='ltr'><strong>et</strong></span> <span class='ocrx_word' id='word_1_114' title='bbox 723 3459 964 3531; x_wconf 76' lang='lat' dir='ltr'><strong>conficiendae</strong></span> <span class='ocrx_word' id='word_1_115' title='bbox 990 3457 1179 3532; x_wconf 71' lang='lat' dir='ltr'><strong>cerevisiae</strong></span> <span class='ocrx_word' id='word_1_116' title='bbox 1204 3462 1373 3545; x_wconf 90' lang='lat' dir='ltr'><strong>domum;</strong></span> <span class='ocrx_word' id='word_1_117' title='bbox 1403 3463 1559 3554; x_wconf 90' lang='lat' dir='ltr'><strong>denique</strong></span> <span class='ocrx_word' id='word_1_118' title='bbox 1583 3484 1643 3531; x_wconf 91' lang='lat' dir='ltr'><strong>oo-</strong></span> <span class='ocrx_word' id='word_1_119' title='bbox 1662 3456 1910 3518; x_wconf 69' lang='lat' dir='ltr'><strong>meaossobertm</strong></span> <span class='ocrx_word' id='word_1_120' title='bbox 1918 3459 1985 3518; x_wconf 79' lang='lat' dir='ltr'><strong>Reid</strong></span> 
     </span>
     <span class='ocr_line' id='line_1_16' title="bbox 504 3587 1986 3704; baseline 0.003 -25"><span class='ocrx_word' id='word_1_121' title='bbox 504 3613 659 3701; x_wconf 91' lang='lat' dir='ltr'><strong>quinam,</strong></span> <span class='ocrx_word' id='word_1_122' title='bbox 671 3634 779 3702; x_wconf 91' lang='lat' dir='ltr'><strong>quam</strong></span> <span class='ocrx_word' id='word_1_123' title='bbox 794 3632 909 3703; x_wconf 91' lang='lat' dir='ltr'><strong>nuper</strong></span> <span class='ocrx_word' id='word_1_124' title='bbox 919 3610 1112 3681; x_wconf 84' lang='lat' dir='ltr'><strong>demolitus</strong></span> <span class='ocrx_word' id='word_1_125' title='bbox 1125 3605 1178 3681; x_wconf 87' lang='lat' dir='ltr'><strong>est</strong></span> <span class='ocrx_word' id='word_1_126' title='bbox 1188 3610 1344 3683; x_wconf 79' lang='lat' dir='ltr'><strong>Thomas</strong></span> <span class='ocrx_word' id='word_1_127' title='bbox 1354 3606 1508 3704; x_wconf 78' lang='lat' dir='ltr'><strong>Crystall</strong></span> <span class='ocrx_word' id='word_1_128' title='bbox 1521 3611 1640 3692; x_wconf 87' lang='lat' dir='ltr'><strong>abbaa,</strong></span> <span class='ocrx_word' id='word_1_129' title='bbox 1663 3588 1770 3656; x_wconf 71' lang='lat' dir='ltr'><strong>Abbm,</strong></span> <span class='ocrx_word' id='word_1_130' title='bbox 1781 3587 1914 3647; x_wconf 51' lang='grc' dir='ltr'><strong>ΜΕΝ</strong></span> <span class='ocrx_word' id='word_1_131' title='bbox 1927 3589 1986 3648; x_wconf 63' lang='lat'>³¹¹⁸*</span> 
     </span>
    </p>
   </div>
   <div class='ocr_carea' id='block_1_7' title="bbox 504 3716 1987 3853">
    <p class='ocr_par' dir='ltr' id='par_1_7' title="bbox 504 3716 1987 3853">
     <span class='ocr_line' id='line_1_17' title="bbox 504 3716 1987 3853; baseline 0 -23"><span class='ocrx_word' id='word_1_132' title='bbox 504 3760 689 3831; x_wconf 86' lang='lat' dir='ltr'><strong>meliorem</strong></span> <span class='ocrx_word' id='word_1_133' title='bbox 718 3760 815 3831; x_wconf 88' lang='lat' dir='ltr'><strong>illiua</strong></span> <span class='ocrx_word' id='word_1_134' title='bbox 845 3760 923 3831; x_wconf 83' lang='lat' dir='ltr'><strong>loeo</strong></span> <span class='ocrx_word' id='word_1_135' title='bbox 953 3758 1153 3853; x_wconf 82' lang='lat' dir='ltr'><strong>subjiciens.</strong></span> <span class='ocrx_word' id='word_1_136' title='bbox 1216 3759 1434 3832; x_wconf 85' lang='lat' dir='ltr'><strong>Aedifioavit</strong></span> <span class='ocrx_word' id='word_1_137' title='bbox 1464 3762 1574 3831; x_wconf 84' lang='lat' dir='ltr'><strong>etiam</strong></span> <span class='ocrx_word' id='word_1_138' title='bbox 1604 3761 1643 3829; x_wconf 91' lang='lat' dir='ltr'><strong>in</strong></span> <span class='ocrx_word' id='word_1_139' title='bbox 1663 3738 1727 3777; x_wconf 57' lang='grc' dir='ltr'><strong>’ω</strong></span> <span class='ocrx_word' id='word_1_140' title='bbox 1747 3716 1809 3776; x_wconf 71' lang='lat'>¹⁰⁰⁰</span> <span class='ocrx_word' id='word_1_141' title='bbox 1829 3719 1987 3797; x_wconf 70' lang='lat' dir='ltr'><strong>subjiciens,</strong></span> 
     </span>
    </p>
   </div>
   <div class='ocr_carea' id='block_1_8' title="bbox 1663 3848 1986 3918">
    <p class='ocr_par' dir='ltr' id='par_1_8' title="bbox 1663 3848 1986 3918">
     <span class='ocr_line' id='line_1_18' title="bbox 1663 3848 1986 3918; baseline 0 -9"><span class='ocrx_word' id='word_1_142' title='bbox 1663 3848 1867 3918; x_wconf 66' lang='lat' dir='ltr'><strong>musitanam,</strong></span> <span class='ocrx_word' id='word_1_143' title='bbox 1892 3860 1986 3909; x_wconf 76' lang='lat' dir='ltr'><strong>rotmi-</strong></span> 
     </span>
    </p>
   </div>
   <div class='ocr_carea' id='block_1_9' title="bbox 1663 3979 1987 4060">
    <p class='ocr_par' dir='ltr' id='par_1_9' title="bbox 1663 3979 1987 4060">
     <span class='ocr_line' id='line_1_19' title="bbox 1663 3979 1987 4060; baseline 0.003 -22"><span class='ocrx_word' id='word_1_144' title='bbox 1663 3979 1900 4060; x_wconf 79' lang='lat' dir='ltr'><strong>dmnbraainam,</strong></span> <span class='ocrx_word' id='word_1_145' title='bbox 1925 4000 1987 4039; x_wconf 89' lang='lat' dir='ltr'><strong>cum</strong></span> 
     </span>
    </p>
   </div>
   <div class='ocr_carea' id='block_1_10' title="bbox 505 4055 1988 4181">
    <p class='ocr_par' dir='ltr' id='par_1_10' title="bbox 505 4055 1988 4181">
     <span class='ocr_line' id='line_1_20' title="bbox 505 4055 1988 4181; baseline -0.004 -50"><span class='ocrx_word' id='word_1_146' title='bbox 505 4082 596 4151; x_wconf 83' lang='lat' dir='ltr'><strong>quae</strong></span> <span class='ocrx_word' id='word_1_147' title='bbox 614 4056 667 4130; x_wconf 87' lang='lat' dir='ltr'><strong>est</strong></span> <span class='ocrx_word' id='word_1_148' title='bbox 684 4056 803 4130; x_wconf 86' lang='lat' dir='ltr'><strong>nostro</strong></span> <span class='ocrx_word' id='word_1_149' title='bbox 820 4082 962 4152; x_wconf 90' lang='lat' dir='ltr'><strong>quoque</strong></span> <span class='ocrx_word' id='word_1_150' title='bbox 985 4069 1148 4153; x_wconf 89' lang='lat' dir='ltr'><strong>tempore</strong></span> <span class='ocrx_word' id='word_1_151' title='bbox 1165 4061 1203 4130; x_wconf 94' lang='lat' dir='ltr'><strong>in</strong></span> <span class='ocrx_word' id='word_1_152' title='bbox 1222 4055 1433 4130; x_wconf 77' lang='lat' dir='ltr'><strong>Monai&#39;oerii</strong></span> <span class='ocrx_word' id='word_1_153' title='bbox 1457 4056 1644 4152; x_wconf 75' lang='lat' dir='ltr'><strong>prospedtu</strong></span> <span class='ocrx_word' id='word_1_154' title='bbox 1663 4110 1773 4169; x_wconf 73' lang='lat' dir='ltr'><strong>duobus</strong></span> <span class='ocrx_word' id='word_1_155' title='bbox 1780 4108 1988 4181; x_wconf 68' lang='lat' dir='ltr'><strong>solariiaunam</strong></span> 
     </span>
    </p>
   </div>
   <div class='ocr_carea' id='block_1_11' title="bbox 505 4205 1991 4903">
    <p class='ocr_par' dir='ltr' id='par_1_11' title="bbox 505 4205 1988 4603">
     <span class='ocr_line' id='line_1_21' title="bbox 505 4205 1987 4317; baseline -0.001 -38"><span class='ocrx_word' id='word_1_156' title='bbox 505 4210 651 4281; x_wconf 89' lang='lat' dir='ltr'><strong>nomine</strong></span> <span class='ocrx_word' id='word_1_157' title='bbox 667 4206 798 4306; x_wconf 73' lang='lat' dir='ltr'><strong>Fysalte</strong></span> <span class='ocrx_word' id='word_1_158' title='bbox 812 4205 913 4280; x_wconf 72' lang='lat' dir='ltr'><strong>lamet.</strong></span> <span class='ocrx_word' id='word_1_159' title='bbox 964 4207 1038 4279; x_wconf 91' lang='lat' dir='ltr'><strong>Sed</strong></span> <span class='ocrx_word' id='word_1_160' title='bbox 1055 4210 1168 4279; x_wconf 88' lang='lat' dir='ltr'><strong>videri</strong></span> <span class='ocrx_word' id='word_1_161' title='bbox 1193 4205 1310 4302; x_wconf 87' lang='lat' dir='ltr'><strong>potest</strong></span> <span class='ocrx_word' id='word_1_162' title='bbox 1336 4207 1527 4284; x_wconf 87' lang='lat' dir='ltr'><strong>absurdum</strong></span> <span class='ocrx_word' id='word_1_163' title='bbox 1548 4208 1644 4301; x_wconf 91' lang='lat' dir='ltr'><strong>quod</strong></span> <span class='ocrx_word' id='word_1_164' title='bbox 1663 4260 1714 4317; x_wconf 80' lang='lat' dir='ltr'><strong>pro</strong></span> <span class='ocrx_word' id='word_1_165' title='bbox 1728 4240 1823 4308; x_wconf 79' lang='lat' dir='ltr'><strong>ordeo,</strong></span> <span class='ocrx_word' id='word_1_166' title='bbox 1834 4240 1987 4299; x_wconf 73' lang='lat' dir='ltr'><strong>etalteram</strong></span> 
     </span>
     <span class='ocr_line' id='line_1_22' title="bbox 506 4358 1988 4451; baseline 0.001 -24"><span class='ocrx_word' id='word_1_167' title='bbox 506 4358 580 4431; x_wconf 89' lang='lat' dir='ltr'><strong>illia</strong></span> <span class='ocrx_word' id='word_1_168' title='bbox 598 4358 707 4441; x_wconf 80' lang='lat' dir='ltr'><strong>abbae</strong></span> <span class='ocrx_word' id='word_1_169' title='bbox 724 4358 966 4431; x_wconf 84' lang='lat' dir='ltr'><strong>aedificaverit</strong></span> <span class='ocrx_word' id='word_1_170' title='bbox 984 4359 1142 4441; x_wconf 89' lang='lat' dir='ltr'><strong>domum,</strong></span> <span class='ocrx_word' id='word_1_171' title='bbox 1162 4359 1223 4430; x_wconf 91' lang='lat' dir='ltr'><strong>ubi</strong></span> <span class='ocrx_word' id='word_1_172' title='bbox 1237 4358 1355 4431; x_wconf 81' lang='lat' dir='ltr'><strong>nullas</strong></span> <span class='ocrx_word' id='word_1_173' title='bbox 1367 4368 1448 4429; x_wconf 92' lang='lat' dir='ltr'><strong>tum</strong></span> <span class='ocrx_word' id='word_1_174' title='bbox 1461 4362 1642 4451; x_wconf 80' lang='lat' dir='ltr'><strong>temporis,</strong></span> <span class='ocrx_word' id='word_1_175' title='bbox 1663 4389 1715 4448; x_wconf 77' lang='lat' dir='ltr'><strong>pro</strong></span> <span class='ocrx_word' id='word_1_176' title='bbox 1740 4370 1890 4439; x_wconf 78' lang='lat' dir='ltr'><strong>frumento,</strong></span> <span class='ocrx_word' id='word_1_177' title='bbox 1918 4391 1988 4429; x_wconf 75' lang='lat' dir='ltr'><strong>anno</strong></span> 
     </span>
     <span class='ocr_line' id='line_1_23' title="bbox 508 4499 1901 4603; baseline 0 -24"><span class='ocrx_word' id='word_1_178' title='bbox 508 4509 574 4581; x_wconf 91' lang='lat' dir='ltr'><strong>hoo</strong></span> <span class='ocrx_word' id='word_1_179' title='bbox 589 4506 642 4580; x_wconf 90' lang='lat' dir='ltr'><strong>est</strong></span> <span class='ocrx_word' id='word_1_180' title='bbox 654 4517 740 4581; x_wconf 87' lang='lat' dir='ltr'><strong>ante</strong></span> <span class='ocrx_word' id='word_1_181' title='bbox 752 4508 954 4581; x_wconf 87' lang='lat' dir='ltr'><strong>Robertum</strong></span> <span class='ocrx_word' id='word_1_182' title='bbox 966 4508 1073 4579; x_wconf 86' lang='lat' dir='ltr'><strong>Bruie</strong></span> <span class='ocrx_word' id='word_1_183' title='bbox 1086 4531 1219 4603; x_wconf 83' lang='lat' dir='ltr'><strong>regem,</strong></span> <span class='ocrx_word' id='word_1_184' title='bbox 1233 4509 1399 4580; x_wconf 86' lang='lat' dir='ltr'><strong>habuerit</strong></span> <span class='ocrx_word' id='word_1_185' title='bbox 1411 4506 1624 4601; x_wconf 79' lang='lat' dir='ltr'><strong>piscationes</strong></span> <span class='ocrx_word' id='word_1_186' title='bbox 1635 4530 1644 4578; x_wconf 74' lang='grc' dir='ltr'><strong>ε</strong></span> <span class='ocrx_word' id='word_1_187' title='bbox 1665 4499 1780 4558; x_wconf 84' lang='lat' dir='ltr'><strong>Domini</strong></span> <span class='ocrx_word' id='word_1_188' title='bbox 1795 4504 1852 4559; x_wconf 80' lang='lat'><strong>¹⁵³</strong></span> <span class='ocrx_word' id='word_1_189' title='bbox 1894 4543 1901 4555; x_wconf 93' lang='lat'><strong>·</strong></span> 
     </span>
    </p>

    <p class='ocr_par' dir='ltr' id='par_1_12' title="bbox 509 4640 1991 4903">
     <span class='ocr_line' id='line_1_24' title="bbox 509 4640 1991 4753; baseline -0.003 -22"><span class='ocrx_word' id='word_1_190' title='bbox 509 4656 573 4731; x_wconf 85' lang='lat' dir='ltr'><strong>nifi</strong></span> <span class='ocrx_word' id='word_1_191' title='bbox 592 4660 788 4731; x_wconf 81' lang='lat' dir='ltr'><strong>dixerimus</strong></span> <span class='ocrx_word' id='word_1_192' title='bbox 806 4660 843 4731; x_wconf 93' lang='lat' dir='ltr'><strong>id</strong></span> <span class='ocrx_word' id='word_1_193' title='bbox 861 4658 994 4731; x_wconf 70' lang='lat' dir='ltr'><strong>fastum</strong></span> <span class='ocrx_word' id='word_1_194' title='bbox 1012 4657 1217 4753; x_wconf 85' lang='lat' dir='ltr'><strong>Anglorum</strong></span> <span class='ocrx_word' id='word_1_195' title='bbox 1242 4655 1407 4751; x_wconf 89' lang='lat' dir='ltr'><strong>impulsu,</strong></span> <span class='ocrx_word' id='word_1_196' title='bbox 1426 4660 1487 4749; x_wconf 94' lang='lat' dir='ltr'><strong>qui</strong></span> <span class='ocrx_word' id='word_1_197' title='bbox 1505 4682 1548 4729; x_wconf 86' lang='lat' dir='ltr'><strong>ea</strong></span> <span class='ocrx_word' id='word_1_198' title='bbox 1564 4666 1685 4729; x_wconf 86' lang='lat' dir='ltr'><strong>aetate</strong></span> <span class='ocrx_word' id='word_1_199' title='bbox 1702 4659 1823 4728; x_wconf 87' lang='lat' dir='ltr'><strong>omnia</strong></span> <span class='ocrx_word' id='word_1_200' title='bbox 1840 4640 1991 4749; x_wconf 61' lang='lat' dir='ltr'><strong>ooou&#39;pa-</strong></span> 
     </span>
     <span class='ocr_line' id='line_1_25' title="bbox 509 4806 1401 4903; baseline -0.001 -24"><span class='ocrx_word' id='word_1_201' title='bbox 509 4810 607 4890; x_wconf 91' lang='lat' dir='ltr'><strong>bant,</strong></span> <span class='ocrx_word' id='word_1_202' title='bbox 624 4815 663 4877; x_wconf 91' lang='lat' dir='ltr'><strong>et</strong></span> <span class='ocrx_word' id='word_1_203' title='bbox 680 4806 741 4881; x_wconf 87' lang='lat' dir='ltr'><strong>suo</strong></span> <span class='ocrx_word' id='word_1_204' title='bbox 759 4808 914 4903; x_wconf 87' lang='lat' dir='ltr'><strong>quodam</strong></span> <span class='ocrx_word' id='word_1_205' title='bbox 930 4809 1014 4900; x_wconf 87' lang='lat' dir='ltr'><strong>jure</strong></span> <span class='ocrx_word' id='word_1_206' title='bbox 1032 4810 1143 4879; x_wconf 87' lang='lat' dir='ltr'><strong>etiam</strong></span> <span class='ocrx_word' id='word_1_207' title='bbox 1164 4806 1401 4901; x_wconf 82' lang='lat' dir='ltr'><strong>piscabantur.</strong></span> 
     </span>
    </p>
   </div>
   <div class='ocr_carea' id='block_1_12' title="bbox 560 4952 1991 5051">
    <p class='ocr_par' dir='ltr' id='par_1_13' title="bbox 560 4952 1991 5051">
     <span class='ocr_line' id='line_1_26' title="bbox 560 4952 1991 5051; baseline -0.002 -22"><span class='ocrx_word' id='word_1_208' title='bbox 560 4957 748 5029; x_wconf 87' lang='lat' dir='ltr'><strong>Proditum</strong></span> <span class='ocrx_word' id='word_1_209' title='bbox 767 4956 820 5029; x_wconf 89' lang='lat' dir='ltr'><strong>est</strong></span> <span class='ocrx_word' id='word_1_210' title='bbox 835 4960 1029 5029; x_wconf 87' lang='lat' dir='ltr'><strong>memoriae</strong></span> <span class='ocrx_word' id='word_1_211' title='bbox 1047 4981 1089 5029; x_wconf 89' lang='lat' dir='ltr'><strong>eo</strong></span> <span class='ocrx_word' id='word_1_212' title='bbox 1108 4966 1271 5051; x_wconf 87' lang='lat' dir='ltr'><strong>tempore</strong></span> <span class='ocrx_word' id='word_1_213' title='bbox 1296 4980 1361 5050; x_wconf 91' lang='lat' dir='ltr'><strong>per</strong></span> <span class='ocrx_word' id='word_1_214' title='bbox 1381 4952 1536 5051; x_wconf 80' lang='lat' dir='ltr'><strong>fingulos</strong></span> <span class='ocrx_word' id='word_1_215' title='bbox 1561 4979 1674 5029; x_wconf 87' lang='lat' dir='ltr'><strong>annea</strong></span> <span class='ocrx_word' id='word_1_216' title='bbox 1699 4959 1737 5028; x_wconf 94' lang='lat' dir='ltr'><strong>in</strong></span> <span class='ocrx_word' id='word_1_217' title='bbox 1762 4958 1829 5028; x_wconf 91' lang='lat' dir='ltr'><strong>hoo</strong></span> <span class='ocrx_word' id='word_1_218' title='bbox 1848 4952 1991 5027; x_wconf 86' lang='lat' dir='ltr'><strong>Manas-</strong></span> 
     </span>
    </p>
   </div>
   <div class='ocr_carea' id='block_1_13' title="bbox 0 0 2274 6100">
    <p class='ocr_par' dir='ltr' id='par_1_14' title="bbox 0 0 2274 6100">
     <span class='ocr_line' id='line_1_27' title="bbox 0 0 2274 6100; baseline 0 0"><span class='ocrx_word' id='word_1_219' title='bbox 0 0 2274 6100; x_wconf 95' lang='lat' dir='ltr'><strong> </strong></span> 
     </span>
    </p>
   </div>
  </div>
 </body>
</html>
