4500 6100
519 778 565 843 80
988 768 1237 844 HISTORIA
1262 767 1520 840 ABBATUM

518 990 642 1059 pamm
669 966 772 1059 frugi,
798 976 837 1037 et
863 966 901 1037 in
926 966 1076 1061 Regem,
1102 974 1145 1037 ut
1170 965 1303 1047 serunt,
1328 964 1533 1037 clanculum
1558 961 1750 1036 seditiones
1776 965 2001 1050 molientem,

517 1088 659 1207 propria
674 1114 850 1209 dignitate
868 1116 971 1185 exuit
988 1116 1178 1209 coegitque
1194 1116 1232 1185 in
1248 1111 1503 1185 monasterium
1519 1136 1542 1185 a
1557 1112 1678 1207 Cupro
1694 1116 1859 1208 migrare.

568 1262 613 1332 In
629 1262 814 1333 literarum
838 1258 962 1333 studiis
988 1263 1157 1353 quoniam
1173 1261 1227 1333 illi
1244 1284 1317 1333 non
1336 1260 1439 1333 licuit
1454 1270 1497 1332 ut
1514 1257 1619 1354 supra
1636 1262 1823 1334 docuimus
1839 1287 1862 1335 a
1877 1263 2004 1334 multi-

518 1412 644 1483 tudine
660 1419 699 1483 et
716 1411 822 1482 turba
846 1412 1075 1506 negociorum
1094 1407 1233 1494 versari,
1251 1410 1420 1503 quicquid
1445 1411 1584 1503 accepit
1607 1411 1728 1483 damni
1745 1412 1784 1481 in
1800 1434 1874 1482 uno
1890 1420 2003 1504 atque

518 1560 632 1632 altero
649 1560 905 1631 monachorum
930 1553 1057 1631 sarcire
1083 1560 1232 1632 curavit.
1283 1558 1470 1652 Inprimis
1492 1560 1680 1631 dominum
1695 1557 1874 1631 Jacobnm
1892 1559 2002 1643 Pont,

518 1706 712 1779 studiosum
737 1716 865 1801 utpote
890 1708 1083 1791 bominem,
1111 1708 1336 1780 Aberdonias
1352 1709 1391 1779 in
1408 1708 1559 1779 fratrum
1583 1708 1870 1801 praedicatorum
1892 1708 2003 1779 colle·

518 1859 618 1951 gium
652 1858 878 1928 formandum
908 1855 1089 1948 literisque
1122 1856 1356 1927 divinioribus
1388 1855 1624 1929 imbuendum
1656 1852 1858 1929 transmitit.
1911 1856 2002 1929 Erat

520 2017 600 2076 tum
617 2005 788 2097 temporis
800 2006 838 2073 in
853 2028 896 2074 eo
909 2004 988 2074 loco
1006 2006 1060 2073 vir
1074 2004 1156 2096 pius
1172 2004 1283 2075 frater
1299 2002 1323 2074 J
1324 2026 1459 2074 oannes
1471 2002 1616 2087 Adami,
1634 2005 1849 2076 dominicani
1866 2005 2003 2077 ordinis

521 2157 559 2225 in
577 2152 702 2224 Scotia
725 2152 857 2245 primas
875 2160 914 2222 et
939 2151 1143 2245 theologiae
1168 2146 1395 2223 scholasticae
1421 2153 1543 2223 dottor
1559 2150 1715 2246 infignis,
1741 2154 1844 2225 cuins
1860 2153 2004 2224 auditor

509 2322 745 2393 ‚nequaquam
771 2301 915 2392 ineptus
940 2300 1009 2369 suit
1035 2300 1201 2371 dominus
1224 2296 1393 2371 Jacobus.
1445 2296 1519 2370 Ubi
1544 2298 1732 2392 accepisset
1761 2301 1870 2373 abbas
1899 2300 2004 2372 illum

522 2449 701 2542 prolicere,
719 2470 792 2518 non
809 2447 925 2518 multo
941 2442 1020 2540 post
1037 2446 1192 2518 alterum
1216 2442 1377 2518 similiter
1401 2448 1617 2519 monachum
1634 2449 1681 2519 ad
1697 2449 1820 2521 literas
1844 2446 2005 2543 apposite

522 2606 648 2668 uatum
666 2598 724 2667 cui
741 2619 874 2666 nomen
891 2592 943 2665 est
961 2595 1105 2667 domino
1123 2594 1290 2665 Waltero
1308 2593 1469 2677 Hethon,
1487 2596 1612 2667 eadem
1630 2620 1715 2669 cura
1731 2593 2003 2680 instituendum,

523 2770 565 2817 eo
579 2744 778 2817 destinavit.
823 2739 1015 2835 Postquam
1029 2744 1203 2836 comperit
1215 2742 1324 2814 abbas
1336 2752 1520 2834 utcunque
1531 2745 1568 2813 in
1580 2743 1652 2815 illis
1664 2743 1778 2815 literis
1791 2742 2006 2817 sufficienter

523 2887 741 2986 promovisse,
759 2901 801 2963 ut
820 2893 900 2983 jam
914 2887 1024 2986 posset
1043 2901 1195 2982 uterque
1218 2892 1315 2961 domi
1331 2886 1507 2962 studendo
1524 2900 1562 2963 et
1579 2892 1741 2963 docendo
1757 2891 1874 2987 perse
1888 2898 2007 2989 gravi-

524 3068 586 3114 ora
598 3044 712 3114 indies
726 3038 947 3136 cognoscere,
960 3040 1006 3112 ad
1019 3035 1273 3113 monasterium
1285 3041 1409 3112 ambos
1421 3042 1613 3114 revocavit.
1656 3040 1835 3114 Dominus
1846 3041 2005 3118 Jacobus

524 3190 683 3272 subinde,
713 3189 850 3281 aliquot
875 3212 921 3259 ex
944 3189 1149 3280 junioribus
1178 3189 1346 3260 fratribus
1374 3190 1537 3260 domiin
1562 3191 1723 3262 diatribis
1752 3214 1826 3262 non
1850 3192 2006 3287 segniter

525 3333 740 3408 scholasticis
765 3339 950 3420 exercuit3
984 3337 1128 3406 domino
1153 3345 1277 3407 autem
1303 3336 1470 3408 Waltero
1495 3333 1594 3409 cellit
1621 3342 1776 3412 cantoris
1803 3341 1901 3412 chori
1925 3364 2008 3434 pro·

527 3487 644 3558 vincia
665 3509 772 3577 quam
790 3487 900 3556 etiam
917 3479 1035 3556 nostro
1052 3492 1214 3576 tempore
1231 3486 1375 3554 retinet.
1427 3484 1592 3578 Uterque
1609 3487 1734 3569 bonus,
1752 3498 1791 3558 et
1807 3485 2006 3560 nostrorum

528 3629 607 3725 (nist
624 3633 718 3707 fallit
735 3635 869 3728 opinio)
887 3629 1084 3704 studiorum
1101 3655 1174 3703 non
1191 3633 1333 3704 fucatus
1350 3632 1554 3706 admirator.

464 3853 465 3858 ,
577 3783 650 3856 Sed
672 3769 749 3878 Jar'n
774 3783 820 3854 ad
846 3784 1030 3854 dominum
1055 3781 1224 3852 abbatem
1248 3804 1402 3872 aequum
1434 3775 1487 3851 est
1516 3804 1581 3852 nos
1610 3784 1736 3854 redire.
1788 3782 1834 3855 In
1862 3787 2008 3878 pietatis

529 3931 651 4002 officiis
676 3952 900 4023 nequaquam
925 3929 1041 4024 segnis
1065 3929 1157 4010 fuit;
1182 3924 1286 4020 saepe
1311 3924 1571 4020 eleemosynam
1597 3932 1843 4004 dominicanae
1860 3943 1898 4004 et
1915 3936 2008 4006 ban·

530 4078 688 4151 ciscanae
704 4079 860 4150 familiae
877 4079 1045 4149 fratribus
1062 4071 1300 4147 liberalissime
1317 4079 1488 4170 erogavit.
1537 4076 1595 4149 Ac
1618 4079 1734 4151 multo
1756 4079 1953 4174 benignior,
1970 4085 2008 4152 in

529 4227 666 4298 summe
683 4224 906 4298 calamitosos
923 4234 960 4295 et
978 4224 1122 4294 infimae
1138 4220 1243 4294 sortis
1258 4225 1431 4294 homines.

583 4376 627 4446 In
645 4383 793 4469 agnatos
809 4383 847 4444 et
864 4371 996 4454 affines,
1015 4392 1104 4462 quos
1124 4370 1251 4442 habuit
1275 4369 1430 4464 frugales
1456 4367 1559 4443 simul
1584 4384 1622 4444 et
1646 4375 1770 4458 bonos,
1787 4377 1877 4448 adeo
1893 4381 2009 4449 mnni-

531 4529 620 4598 ficus
646 4525 726 4607 suit,
751 4530 793 4594 ut
818 4543 901 4592 cum
926 4540 1136 4614 magnorum
1161 4515 1437 4589 sacerdotiorum
1462 4518 1633 4614 episcopis
1661 4546 1734 4594 non
1764 4525 1887 4618 inique
1914 4548 2009 4596 com-

532 4676 647 4768 parari
673 4685 790 4766 queat.
841 4663 1067 4742 Potiffimnm
1092 4669 1131 4737 in
1155 4666 1371 4739 collocandis
1396 4671 1525 4761 nuptui
1549 4671 1747 4764 virginibus
1763 4681 1805 4742 ut
1825 4671 2009 4747 honestam

535 4844 616 4892 cum
633 4820 812 4892 nobilibus
825 4819 908 4889 viris
925 4811 1161 4909 transigerent
1178 4817 1300 4899 vitam,
1327 4811 1576 4910 impensissime
1602 4815 1739 4912 semper
1758 4819 1942 4906 laboravit,
1967 4846 2009 4894 ac

536 4971 657 5041 omnia
673 4962 868 5040 felicissimo
884 4963 1066 5057 transegit.
