4500 6100
696 767 1024 842 MONASTERII
1051 769 1088 841 A
1115 770 1341 843 KYNLOS.
1710 778 1754 844 61

275 954 388 1043 'tribua
413 961 560 1039 ‹liverfic
585 964 719 1037 tubalia
742 966 880 1059 pium
903 965 1010 1059 plane
1034 968 1203 1061 graphice
1226 966 1376 1059 depiitia
1392 968 1464 1037 tria
1486 960 1616 1040 sacella
1637 970 1676 1038 in
1694 966 1758 1039 suc

275 1118 413 1211 temple
436 1112 635 1197 exornavit,
652 1112 718 1185 via.
745 1112 991 1208 Magdalenee,
1016 1111 1041 1184 J
1042 1114 1167 1185 cannia
1184 1106 1434 1206 Evangelistae
1450 1122 1490 1185 et
1510 1113 1584 1186 divi
1599 1114 1758 1189 Thomae

274 1260 550 1339 cantuariensis.
602 1260 780 1356 Depinxit
804 1282 955 1356 qnoque,
981 1259 1042 1335 sed
1059 1263 1198 1355 pistura
1221 1260 1356 1335 leviore
1383 1283 1476 1354 qnae
1499 1284 1597 1335 nunc
1621 1258 1674 1335 est
1695 1284 1760 1356 per

276 1412 435 1487 Scotium
458 1407 706 1507 receptiffima,
732 1410 939 1483 cubiculum
964 1418 1003 1481 et
1026 1411 1221 1481 oratorium
1245 1411 1396 1495 abbatia,
1422 1408 1528 1482 fimul
1552 1411 1758 1484 cubiculum

276 1564 390 1656 maim
419 1571 505 1633 ente
533 1561 683 1655 gradum
712 1580 784 1651 qno
812 1558 887 1629 itur
915 1558 961 1631 ad
990 1556 1129 1631 abbatia
1157 1558 1375 1630 cubiculum
1425 1557 1509 1630 Hoc
1533 1581 1628 1630 anno
1660 1564 1757 1631 1544

276 1715 313 1783 in
329 1712 435 1782 initio
452 1704 609 1803 Augusti
626 1728 709 1779 cum
727 1706 892 1778 dominus
908 1728 1010 1778 mena
1027 1706 1217 1778 adornaret
1237 1706 1493 1799 prosebionem
1510 1708 1556 1779 ad
1572 1704 1758 1780 Orchedea

276 1880 323 1931 ex
339 1854 482 1951 Kynlce
498 1878 563 1947 per
578 1876 687 1937 mare,
705 1855 784 1947 cepi
801 1874 882 1924 cum
901 1853 965 1923 illo
989 1852 1035 1925 de
1060 1854 1167 1925 rebus
1191 1856 1283 1925 meia
1306 1855 1571 1927 communicare
1595 1854 1757 1948 pluribus

275 2006 403 2089 verbis,
428 1999 592 2097 presente
607 2000 721 2073 nebill
737 2002 814 2071 viro
829 1999 1040 2073 Alexandro
1064 2000 1257 2073 Oummcln
1279 2002 1425 2073 domino
1441 2003 1487 2074 ab
1503 2001 1621 2075 Alter.
1657 2004 1758 2076 Nam

276 2174 359 2224 cum
384 2150 567 2244 sperabam
592 2126 805 2241 quam'mox
832 2147 989 2222 Gallicas
1012 2170 1121 2220 naves
1137 2149 1184 2220 ad
1204 2169 1270 2219 noa
1286 2158 1466 2234 venturae,
1492 2152 1531 2222 in
1555 2151 1685 2244 quibua
1701 2174 1758 2225 rea

276 2323 375 2375 meae
402 2318 624 2391 componere,
642 2306 681 2369 et
697 2292 801 2367 fimnl
825 2293 899 2390 ipse
924 2297 1092 2390 navigare
1108 2299 1147 2368 in
1163 2295 1325 2381 Gallim
1350 2320 1393 2369 ac
1418 2321 1502 2370 cum
1527 2322 1670 2371 vererer
1693 2322 1759 2393 per

276 2449 373 2521 illine
397 2443 606 2529 absentiam,
623 2468 670 2517 ne
687 2448 765 2537 qnie
783 2445 885 2527 forte,
903 2452 946 2515 ut
962 2440 1066 2537 saepe
1082 2444 1135 2527 sit,
1152 2444 1399 2537 impudentius
1416 2446 1641 2530 reclamaret,
1659 2443 1756 2539 qnafi

277 2620 333 2670 ree
350 2597 485 2669 alienas
502 2605 541 2667 et
557 2616 629 2665 non
646 2612 744 2664 meae
760 2593 845 2663 hinc
862 2588 1086 2685 asportarem,
1105 2590 1202 2662 volui
1219 2592 1405 2663 (lominum
1422 2614 1554 2677 meum,
1571 2591 1759 2687 praesente

279 2747 422 2817 domino
448 2744 494 2814 ab
518 2740 636 2824 Alter,
661 2742 759 2834 priua
784 2740 904 2811 omnia
928 2738 1041 2810 oculis
1067 2733 1222 2831 sptem
1248 2747 1287 2809 et
1311 2739 1520 2833 diligentius
1546 2739 1759 2834 cognoscere

278 2916 369 2988 quae
398 2887 505 2963 essem
535 2890 712 2971 saltumn
745 2888 839 2979 quod
870 2896 908 2957 et
937 2886 1069 2957 fastum
1100 2881 1154 2955 est
1180 2908 1277 2957 none
1306 2882 1471 2980 Augusti,
1505 2885 1692 2981 praesente
1720 2898 1760 2960 et

279 3042 449 3115 audiente
465 3038 610 3111 domino
627 3036 672 3108 ab
690 3032 818 3118 Alter3
844 3032 1003 3125 mihique
1026 3029 1188 3127 permisrt
1206 3034 1317 3106 berna
1332 3056 1446 3120 meua,
1464 3036 1550 3108 (lum
1568 3038 1669 3110 videt
1684 3038 1761 3112 nlla

280 3191 418 3260 ratione
439 3209 498 3256 me
523 3183 676 3276 amplius
699 3183 856 3252 retinere
880 3203 954 3252 non
978 3175 1083 3273 polle,
1108 3191 1250 3254 utnon
1274 3180 1388 3254 solum
1413 3207 1506 3276 quae
1530 3186 1576 3257 ad
1600 3206 1660 3258 me
1681 3210 1760 3280 per·
1786 3204 1801 3224 ⁸

281 3339 450 3419 tinerent,
466 3333 527 3406 sed
543 3331 607 3404 sue
622 3353 764 3425 quoque
788 3351 870 3400 meo
893 3329 1069 3401 arbitratu
1091 3331 1179 3401 mibi
1203 3329 1354 3415 sumere,
1376 3333 1472 3425 quod
1496 3341 1620 3405 tamen
1644 3334 1762 3406 facere

281 3481 448 3566 recusavi,
475 3481 562 3573 quin
590 3481 710 3572 potius
743 3476 859 3548 multa
890 3498 973 3547 mea
1005 3477 1161 3570 neglexi,
1190 3501 1233 3550 ec
1262 3487 1406 3551 tantum
1435 3499 1498 3550 eoa
1526 3481 1636 3552 librca
1661 3503 1761 3553 meca

283 3653 369 3724 quoe
395 3633 432 3701 in
459 3627 613 3700 secundo
641 3647 723 3696 meo
752 3625 911 3696 adventu
940 3646 985 3694 ex
1011 3621 1141 3734 Gelliia
1167 3647 1311 3696 mecum
1336 3625 1529 3698 attuleram
1553 3630 1592 3698 in
1619 3627 1761 3722 Kynloa

283 3779 406 3851 essene
439 3775 571 3869 optavi,
604 3795 722 3864 neque
747 3769 827 3841 illos
860 3770 1005 3861 quidem
1034 3791 1168 3840 omnea.
1219 3771 1313 3843 Cum
1344 3780 1466 3844 tamen
1496 3771 1761 3868 diligentiffime

284 3948 444 3999 curarem
468 3947 515 3994 ne
541 3922 621 4015 quie
646 3916 732 3992 esset
754 3919 844 3991 adeo
869 3918 1052 4010 improbus
1069 3926 1112 3988 ut
1128 3920 1191 4011 qui
1215 3914 1329 4012 pollet
1351 3921 1390 3992 in
1414 3922 1522 3993 rebus
1552 3925 1643 3994 meis
1671 3925 1761 3996 mibi

284 4075 498 4148 ealurnniam
527 4066 671 4151 struere,
702 4089 775 4137 non
803 4065 905 4158 potui
922 4073 1046 4136 tamen
1076 4067 1193 4150 unius,
1223 4068 1264 4136 in
1291 4089 1400 4159 quem
1430 4069 1517 4140 olim
1545 4092 1620 4142 non
1648 4093 1763 4164 pauca

285 4221 496 4295 contulerim
514 4185 703 4298 beneficia:
719 4213 877 4308 effingere
893 4213 1133 4286 virulentiam.
1185 4214 1258 4287 Sed
1281 4216 1378 4288 illius
1400 4215 1616 4289 conscientia
1632 4219 1762 4291 viderit

284 4373 370 4444 dum
382 4362 557 4442 fnlsrffime
567 4365 743 4437 mentitur
752 4371 791 4434 et
804 4363 866 4456 q'ui
878 4360 961 4433 sunt
971 4358 1153 4454 ejusmodi.
1183 4362 1281 4436 Satis
1293 4387 1361 4460 ego
1373 4361 1575 4436 llrmiffimia
1591 4390 1634 4437 ac
1649 4365 1761 4439 san&-

284 4515 405 4590 iffimin
421 4512 632 4588 testimoniis
649 4515 864 4605 optimorum
881 4513 1038 4582 virorum
1055 4509 1196 4582 causam
1212 4513 1389 4583 munitam
1405 4513 1542 4584 habeo:
1568 4537 1616 4586 ne
1637 4523 1762 4589 tumen

285 4661 373 4740 defit
400 4666 493 4736 sorte
515 4662 604 4734 talia
629 4663 675 4734 de
698 4683 758 4732 me
783 4656 1041 4753 suspicantibus
1070 4659 1262 4744 nonnullis,
1287 4681 1359 4752 quc
1383 4659 1532 4757 tandem
1549 4671 1762 4756 argumente

284 4809 449 4887 adversus
470 4810 729 4884 calumniantes
753 4829 813 4878 me
834 4809 929 4878 tueri
951 4801 1085 4899 polllm,
1115 4805 1298 4898 subjiciam
1323 4807 1384 4934 bie
1405 4809 1492 4900 quid
1513 4833 1640 4904 pamm
1662 4822 1763 4906 gratu

285 4960 421 5046 honrini
447 4957 540 5028 talia*
558 4956 603 5026 de
624 4978 682 5027 me
703 4951 897 5026 blateranti
923 4975 987 5046 per
1002 4951 1126 5024 literas
1151 4954 1245 5046 apud
1272 4955 1458 5029 deminum
1473 4955 1649 5030 'l'bomam
1674 4958 1766 5053 Tog-

1012 5119 1038 5168 c
