4500 6100
518 769 564 836 28
987 759 1236 836 HISTORIA
1260 755 1519 832 ABBATUM

520 959 740 1043 Hebnisden,
772 982 854 1032 oum
884 959 1050 1032 omnibus
1083 955 1155 1030 suie
1188 981 1276 1052 quar
1305 966 1437 1030 vocant
1468 955 1720 1051 pertinentiia3
1754 957 1851 1049 apud
1881 956 1997 1052 Elgyn

519 1111 583 1180 xxi
610 1111 668 1181 die
693 1104 823 1181 mensis
849 1107 942 1180 Maii
966 1129 1062 1180 anno
1088 1105 1237 1178 Domini
1256 1108 1362 1191 1362,
1387 1105 1453 1179 sub
1477 1105 1689 1180 Alexandro
1715 1101 1893 1202 Episcopo
1919 1109 1999 1179 Mo-

519 1255 679 1330 ravionsr.
731 1256 803 1329 Hic
826 1254 926 1328 locus
943 1257 981 1328 iu
999 1253 1254 1328 Sutherlandia
1278 1264 1475 1350 occupatur
1499 1221 1586 1328 ante
1610 1252 1874 1349 complusculos
1889 1279 1997 1328 annos

520 1409 705 1500 tyrannice
722 1428 852 1502 magno
869 1427 952 1478 cum
966 1401 1178 1478 Monusberii
1194 1401 1371 1498 aKynloa
1388 1406 1531 1476 damno.
1581 1401 1674 1498 Spes
1687 1399 1751 1488 ost,
1763 1413 1806 1475 ut
1821 1403 1998 1476 Robertua

522 1555 614 1626 Reid
633 1555 758 1626 Abbae
776 1555 896 1627 omnia
917 1550 1093 1636 restituat,
1119 1575 1193 1624 non
1209 1551 1323 1624 solum
1348 1553 1570 1625 authoritate
1586 1575 1658 1644 qua
1673 1551 1868 1645 plurimum
1885 1550 1998 1646 potest

521 1705 616 1796 apud
633 1703 771 1798 Regem
797 1701 988 1775 Scotonrm
1004 1701 1183 1775 Jaoobum
1209 1703 1286 1795 ejus
1310 1703 1464 1774 nominis
1484 1701 1675 1786 Quintum,
1700 1699 1762 1772 sed
1783 1704 1897 1773 etiam
1921 1726 1997 1796 pru-

522 1853 646 1923 dentia
670 1860 708 1923 et
733 1853 915 1945 aeqrdtnte
940 1851 1098 1922 maxima
1122 1873 1194 1942 qua
1217 1847 1415 1944 insignitur.
1469 1850 1546 1922 Sub
1569 1851 1639 1922 boo
1656 1848 1805 1923 Abbate
1822 1850 1997 1922 Richardo

522 2002 692 2070 vixerunt
720 1999 886 2072 monachi
916 1999 1053 2091 aliquot
1086 1997 1333 2092 percelebree;
1368 1999 1489 2071 Adam
1519 1997 1711 2083 deseras,
1741 1995 1865 2093 postea
1893 2001 1997 2072 abbae

523 2160 560 2218 et
585 2143 763 2231 successor,
791 2143 908 2218 David
935 2143 1087 2230 Forresa,
1113 2145 1302 2219 Walterua
1331 2147 1377 2218 de
1407 2146 1529 2242 Spine,
1561 2156 1600 2218 et
1629 2147 1795 2218 dominus
1825 2147 1996 2220 Patricius

524 2295 634 2379 Prior,
661 2297 722 2388 qui
749 2297 949 2389 imperante
966 2294 1146 2367 Richardo
1171 2295 1314 2378 abbate,
1337 2295 1516 2388 professus
1541 2293 1595 2367 est
1622 2297 1669 2369 ad
1696 2295 1903 2388 Capitulum
1929 2295 1997 2367 Ge·

522 2445 644 2516 nernle
669 2442 836 2528 Cistertii,
867 2453 905 2515 et
930 2443 1084 2516 Romam
1108 2445 1164 2515 bie
1190 2445 1229 2515 in
1254 2445 1488 2515 contentione
1516 2444 1595 2536 ejus
1620 2452 1738 2516 terrae
1761 2467 1870 2537 quam
1895 2443 1997 2537 vulgo

522 2595 698 2688 Tapetum
717 2595 882 2666 monachi
900 2595 1035 2666 dicunt.

753 2913 936 2984 Doumus
954 2911 1073 2984 Anau
1092 2932 1143 2982 nn
1159 2911 1294 2994 Tenus,
1312 2911 1442 2983 Annas
1458 2935 1482 2982 1
1499 2910 1662 2984 Kunnoa
1680 2911 1769 2985 XV.

919 3062 1022 3134 Obiit
1041 3063 1131 3155 prid.
1151 3062 1250 3132 Non.
1266 3061 1368 3134 Junii
1386 3062 1482 3132 nl).
1505 3068 1609 3134 1401.

576 3332 613 3403 Ie
630 3336 767 3406 curavit
779 3332 945 3406 solarium
963 3334 1000 3406 S.
1015 3334 1141 3406 Crucis
1154 3344 1192 3405 et
1204 3332 1454 3427 presbiterium
1469 3334 1580 3427 (quod
1594 3337 1762 3429 vocant);
1787 3344 1877 3428 puto
1894 3338 1998 3407 etiam

526 3507 548 3554 a
571 3478 802 3555 slmilitudine
827 3479 1025 3575 presbiterii
1051 3478 1199 3576 posuisse
1224 3494 1386 3555 veterem
1411 3483 1560 3555 chorum
1585 3506 1694 3575 quem
1718 3506 1836 3579 nuper
1849 3485 1999 3557 Thomas

526 3632 652 3705 Abbne
666 3632 859 3704 demolitus
872 3629 935 3715 ess,
947 3630 1148 3725 subjiciens,
1166 3631 1262 3703 illiue
1275 3632 1364 3715 loco,
1377 3654 1513 3703 novum
1526 3641 1564 3703 et
1577 3632 1842 3725 perpulchrum.
1894 3632 2000 3703 Fama

527 3778 661 3852 estimo
674 3776 905 3853 certissimum
918 3781 1014 3851 hunc
1027 3778 1221 3863 Adamum‚
1240 3777 1427 3852 oscitantia
1438 3778 1557 3852 nescio
1570 3804 1650 3873 qua,
1668 3778 1857 3873 perdidisse
1871 3784 1999 3853 bonam

387 3933 389 3937 ’
527 3939 665 4022 partem
684 3932 766 4024 pagi
783 3928 958 4013 deseras,
976 3951 1084 4020 quam
1100 3951 1198 4000 nnnc
1213 3928 1324 3999 babet
1342 3928 1529 4000 Moraviae
1545 3927 1685 4000 Comes.
1737 3927 2000 4022 HujnsAdami

529 4076 600 4148 ossa
618 4080 742 4169 jacent
767 4076 832 4149 sub
857 4078 975 4171 lapide
1004 4074 1140 4171 signato
1168 4087 1254 4147 ante
1282 4074 1542 4168 presbiterium.
1593 4076 1727 4148 Adami
1757 4080 1869 4149 etiam
1897 4102 2002 4171 opera

529 4224 709 4299 exstructa
725 4222 778 4298 es’t
794 4226 876 4298 aula
892 4225 1032 4297 abbatia
1048 4246 1141 4316 quae
1157 4246 1253 4295 nunc
1270 4221 1405 4295 visitur.
1456 4222 1603 4296 Invexit
1626 4235 1665 4297 et
1690 4227 1919 4318 pontificalia,
1943 4227 2001 4300 sed

529 4386 651 4447 tamen
676 4374 742 4446 sub
767 4372 944 4445 Pontifice
969 4370 1165 4444 scismatico
1190 4370 1389 4443 Beneditto
1415 4392 1502 4442 xm.
1527 4396 1622 4444 anno
1651 4376 1882 4466 pontificatue
1909 4377 2003 4448 illiue

531 4525 645 4616 primo
674 4525 697 4593 i.
724 4547 754 4594 e.
781 4518 879 4592 A.D.
908 4526 1013 4605 1391,
1039 4521 1123 4591 data
1147 4517 1338 4589 Avenione
1369 4525 1391 4594 9
1422 4518 1507 4590 Κ11.
1533 4518 1708 4591 Ottobria.
1760 4520 1815 4592 Eo
1844 4534 2004 4617 tempore

532 4674 624 4741 vixit
650 4671 816 4743 dominus
843 4669 1047 4775 Gulielmue
1075 4669 1121 4739 de
1151 4666 1273 4760 Spine,
1303 4668 1498 4739 monaobua
1524 4690 1749 4763 nequaquam
1773 4679 2006 4743 contemnen-

533 4822 609 4890 dus.
661 4818 839 4891 Referunt
868 4820 964 4890 buno
994 4816 1178 4889 Adamum
1204 4838 1331 4907 parum
1355 4816 1485 4908 pudice
1510 4814 1713 4913 transegn'sse
1737 4822 1851 4891 vitam
1876 4822 2004 4914 utqui

533 4994 578 5042 ex
605 4968 845 5040 concubinatu
870 4966 989 5060 proles
1011 4965 1150 5057 aliquot
1174 4960 1364 5035 sustulerit.
