4500 6100
400 1782 694 1850 REVERENDO
712 1781 765 1846 IN
783 1779 988 1846 CHRISTO
1005 1778 1164 1857 PATRI,
1184 1776 1376 1843 DOMINO
1391 1774 1597 1843 THOMAE
1613 1774 1750 1841 CRYS·

397 1920 550 1985 TALLO
577 1916 756 1982 ΑΒΒΑΤΙ
788 1913 1087 1981 MONASTERII
1115 1916 1147 1979 A
1174 1913 1369 1979 KYNLOS
1394 1910 1747 1979 CISTERCIENSIS

399 2053 649 2119 INSTITUTI
674 2051 902 2118 PATRONO
925 2052 1014 2116 SUO
1036 2048 1310 2129 SINGULARL
1333 2048 1551 2115 JOANNES
1572 2046 1746 2114 FERRE-

398 2190 507 2255 RIUS
530 2186 939 2255 PEDEMONTANUS.
983 2188 1015 2251 S.
1040 2188 1078 2251 P.
1099 2187 1143 2251 D.

316 2470 449 2545 varos
461 2470 686 2553 consuetudo,
706 2472 917 2543 Reverendo
929 2468 1096 2553 Domine,
1109 2466 1265 2561 apriseie
1276 2476 1315 2539 et
1328 2468 1481 2539 ethnicis
1493 2470 1578 2539 viria
1590 2471 1745 2560 repetita

268 2642 308 2689 ao
333 2614 430 2711 quali
455 2620 587 2690 tradita
611 2642 675 2711 per
694 2640 822 2691 manua
839 2620 876 2688 in
893 2614 1048 2689 nostrum
1073 2614 1185 2710 usque
1209 2624 1366 2689 aetatem
1391 2618 1561 2700 derivata,
1586 2618 1745 2689 obtinuit

268 2774 308 2835 nt
325 2765 493 2837 Calendis
516 2766 697 2838 lanuariie
716 2766 807 2838 aliua
829 2765 951 2848 alium,
968 2764 1081 2835 veluti
1106 2762 1251 2856 publico
1273 2760 1490 2856 salutarique
1512 2762 1666 2859 auspicio
1691 2769 1746 2836 in·

267 2916 442 3014 captantia
459 2916 553 2997 anni,
579 2909 696 2985 strena
720 2916 907 3005 amicoque
932 2914 1077 2983 donario
1102 2907 1315 2983 honestaret.
1367 2910 1411 2982 Id
1427 2934 1511 2983 cum
1526 2911 1745 3005 saepiuscule

267 3069 350 3132 ante
366 3085 498 3154 pauooa
514 3063 590 3134 dien
607 3064 645 3132 in
665 3063 784 3132 animo
802 3060 1001 3132 volutarem
1018 3082 1109 3144 meo,
1136 3068 1173 3131 et
1191 3069 1292 3131 tuam
1308 3082 1394 3154 erga
1408 3083 1468 3132 me
1483 3062 1744 3156 benignitatem

266 3210 529 3282 circumferrem
545 3212 584 3280 in
600 3212 743 3302 pedcore
768 3209 960 3303 effigiatam
984 3217 1180 3302 perpetum
1205 3209 1347 3281 decrevi
1363 3211 1511 3281 tandem
1529 3209 1555 3280 fi
1571 3233 1643 3303 qua
1666 3222 1744 3283 arte

265 3353 398 3448 pollim,
416 3379 489 3428 non
505 3358 585 3428 dico
601 3379 661 3429 me
673 3380 755 3430 aere
766 3367 831 3428 tuo
844 3353 1049 3428 obstrictum
1062 3355 1247 3440 resolvere,
1263 3355 1390 3428 saltem
1403 3357 1614 3430 munusculo
1625 3360 1744 3453 aliquo

265 3505 438 3578 litterario
468 3505 568 3598 (quid
593 3505 690 3578 aliud
715 3527 844 3599 queam
857 3505 886 3598 ἓ)
910 3507 980 3576 mei
1012 3506 1122 3577 enimi
1148 3529 1233 3599 ergo
1256 3514 1295 3575 te
1320 3507 1510 3578 candorem
1537 3505 1741 3603 fignificare.

266 3652 303 3722 N
305 3677 345 3724 ec
370 3651 452 3724 satie
478 3654 694 3736 occurrebat,
721 3653 806 3745 quid
831 3653 986 3744 primum
1003 3653 1215 3746 aggrederer
1229 3661 1315 3724 tuae
1332 3653 1499 3747 dignitati
1514 3653 1741 3748 aptillimum‚

265 3811 301 3870 et
318 3803 408 3871 meie
424 3797 620 3872 studiorum
645 3801 824 3872 laboribus
849 3801 1082 3872 honorificum
1108 3822 1261 3892 quoque.
1312 3799 1357 3870 In
1381 3802 1505 3893 primia
1529 3805 1643 3874 virtue
1667 3813 1742 3888 tua,

265 3969 346 4017 cum
363 3949 401 4018 in
417 3948 565 4040 privatis
581 3957 660 4019 tum
677 3949 829 4042 publicis
854 3949 1011 4042 negociis
1034 3946 1255 4040 praecellens
1279 3948 1446 4032 maxime,
1472 3949 1683 4022 hortabatur
1697 3962 1742 4023 ut

264 4096 355 4166 vires
380 4096 604 4166 intenderem
629 4096 667 4164 in
692 4118 731 4165 re
756 4097 921 4188 quapiam
946 4096 1128 4189 graviore;
1157 4090 1222 4164 nifi
1247 4098 1418 4188 temporis
1443 4094 1626 4192 angustiae
1652 4101 1741 4173 mihi

264 4243 408 4313 modum
426 4239 640 4314 indixillent.
676 4243 737 4315 Ita
747 4265 889 4314 mecum
902 4244 1122 4336 reputabam,
1141 4245 1202 4335 qui
1215 4243 1305 4314 velit
1320 4252 1464 4316 tantum
1481 4251 1597 4339 operis
1613 4249 1740 4333 moliri,

263 4411 345 4458 eum
362 4411 435 4458 non
451 4386 564 4460 solum
581 4391 706 4483 grandi
722 4391 810 4472 ocio,
827 4387 887 4461 sed
900 4391 1070 4482 temporis
1081 4388 1199 4483 spacio
1212 4390 1371 4486 longiore
1384 4394 1439 4464 uti
1451 4405 1635 4486 oportere3
1652 4399 1739 4469 mihi

263 4558 346 4606 vero
379 4537 595 4618 incumbere,
628 4545 670 4607 ut
703 4545 982 4628 extemporaneo
1018 4537 1138 4630 aliquo
1171 4535 1390 4622 munusculo,
1426 4549 1527 4611 tuam
1564 4564 1649 4637 erga
1680 4568 1739 4618 me

264 4680 515 4754 liberalitatem
532 4685 691 4776 ignotam
708 4642 833 4754 multia
850 4682 911 4772 (ne
928 4685 1020 4754 forte
1036 4686 1148 4756 nimio
1164 4682 1314 4770 silentio,
1331 4689 1599 4782 ingratitudinis
1615 4703 1739 4766 notam

263 4831 493 4922 incurrerem)
517 4852 612 4900 nune
628 4825 886 4902 testatillimam
909 4832 1074 4902 facerem.
1126 4831 1283 4908 Dabitur
1306 4832 1394 4905 aliua
1419 4841 1676 4928 opportunitas,
1696 4851 1739 4914 ut

262 4976 394 5069 majore
410 4973 533 5068 spiritu
551 4985 631 5048 tuae
648 5001 689 5050 ao
706 4977 843 5048 alumni
861 4979 916 5048 tui
934 4977 1084 5050 Roberti
1110 4980 1252 5051 abbatis
1268 4982 1421 5054 vimutee
1445 4982 1682 5077 ampliffimue,
1700 4991 1738 5060 in
