4500 6100
680 785 1009 861 MONASTERII
1035 785 1071 861 A
1097 786 1324 861 KYNLOS.
1694 796 1741 869 77

317 982 359 1054 In
375 979 623 1055 constituenda
646 980 1042 1061 felettorumoodieum
1067 983 1294 1067 bibliotheca,
1318 984 1488 1074 adquam
1513 991 1593 1054 toto
1617 981 1743 1077 spiritu

272 1133 377 1203 fertur
405 1109 587 1203 Robertus
613 1130 732 1213 abbas,
757 1154 831 1201 non
856 1130 972 1203 levem
998 1134 1109 1203 etiam
1134 1154 1279 1225 operam
1307 1125 1495 1223 praestitit.
1547 1131 1743 1224 Inprimis

268 1282 403 1351 invexit
432 1278 552 1353 Vetus
581 1302 622 1351 ae
653 1301 788 1349 novum
817 1274 1071 1351 testamentum
1105 1277 1168 1350 lex
1199 1278 1439 1350 voluminibus
1471 1301 1554 1349 eum
1586 1282 1743 1374 receptis

267 1428 336 1499 illis
368 1423 486 1522 gloffis
520 1422 733 1509 diffinitum,
756 1435 921 1518 ‚quatuor
951 1426 1139 1499 Vincentii
1166 1427 1358 1525 volumina,
1386 1428 1456 1498 triu
1484 1425 1743 1498 chronieorum

266 1575 454 1658 Antonini,
488 1576 557 1646 tria
586 1572 826 1668 Epistularum
861 1575 933 1645 divi
963 1573 1187 1668 Hieronymi,
1217 1572 1338 1667 Opera
1370 1574 1500 1645 deinde
1529 1573 1743 1668 Hieronymi

267 1728 422 1816 quinque
433 1724 683 1806 voluminibus,
698 1721 817 1816 Opera
827 1718 1007 1795 Ambrufii
1028 1724 1177 1806 duobus,
1190 1721 1310 1815 Opera
1322 1718 1561 1813 Chrysostomi
1578 1733 1742 1816 quatuor,

269 1842 430 1969 Gregorii
447 1895 530 1955 uno,
549 1883 586 1943 et
603 1873 717 1943 altero
734 1870 918 1955 Beruardi,
944 1870 1132 1943 Summam
1150 1870 1344 1962 Aquinatie
1361 1894 1444 1953 uno,
1471 1870 1741 1944 Sententiarum

269 2023 540 2095 commentarios
565 2019 666 2091 Seoti
696 2020 844 2104 duobua,
876 2018 1084 2092 Sententiae
1109 2018 1260 2091 Joannia
1284 2018 1435 2112 Majoria
1463 2022 1611 2105 duobus,
1636 2020 1744 2093 com-

269 2172 460 2245 mentarios
477 2169 669 2262 Aquinatie
691 2170 729 2239 in
754 2164 921 2261 epistolae
938 2169 1010 2238 divi
1029 2166 1135 2239 Pauli
1159 2168 1310 2251 duobus,
1327 2166 1573 2263 Augustinum
1598 2170 1643 2241 de
1660 2172 1745 2241 eivi-

271 2330 343 2391 tate
362 2318 432 2389 Dei
457 2326 495 2388 et
512 2317 688 2387 Trinitate
704 2339 787 2399 uno,
805 2315 938 2386 Totum
953 2317 1015 2408 jus
1040 2315 1265 2407 pontificium
1291 2338 1374 2387 oum
1399 2314 1566 2410 glollulie,
1592 2328 1631 2389 et
1656 2318 1745 2390 alios

270 2467 467 2561 complures
483 2465 685 2537 sermonum
702 2462 862 2547 libellos3
886 2486 978 2557 quae
996 2464 1117 2535 omnia
1133 2465 1170 2533 in
1189 2485 1282 2534 nova
1296 2462 1521 2547 bibliotheca,
1539 2472 1578 2535 et
1591 2466 1629 2535 in
1643 2462 1744 2535 usum

270 2615 487 2689 studentium
517 2618 555 2685 in
584 2610 796 2686 monasterio
826 2608 1053 2685 afferrentur.
1123 2611 1273 2684 Curarit
1305 2620 1344 2682 et
1378 2611 1448 2683 duo
1482 2611 1666 2683 volumina
1707 2614 1745 2683 in

270 2765 493 2847 membranis,
519 2758 652 2835 millnle
670 2761 838 2833 videlieet
863 2785 986 2845 unum,
1009 2760 1180 2853 graduale
1205 2760 1369 2843 alterum,
1395 2761 1490 2852 apud
1516 2758 1658 2831 Oulrosa
1683 2784 1746 2832 ex-

270 2910 397 3005 scripta
411 2909 475 2983 suo
492 2934 583 2995 aere,
601 2912 647 2981 ad
663 2906 917 2981 monasterium
935 2908 1075 2979 adferri.

317 3061 375 3132 De
392 3083 511 3132 annuo
529 3083 611 3130 vero
628 3059 734 3150 hujus
754 3054 957 3130 monasterii
974 3055 1092 3141 censu,
1118 3080 1191 3129 non
1208 3054 1317 3136 estin
1333 3058 1483 3152 proclivi
1500 3059 1617 3132 dieere
1635 3083 1746 3152 quan-

271 3219 346 3280 tum
372 3209 524 3280 aliorum
549 3208 720 3280 abbatum
744 3207 965 3301 negligentia
989 3203 1183 3290 deeelserit,
1201 3216 1240 3280 et
1257 3216 1433 3298 quantum
1455 3210 1563 3280 unius
1586 3208 1746 3282 Thomae

159 3349 160 3352 ’
272 3357 455 3453 vigilantia
470 3358 673 3428 aeereverit.
725 3355 799 3426 Res
811 3351 864 3426 est
876 3356 989 3447 major
1001 3355 1272 3448 intricatiorque
1284 3378 1392 3446 quam
1404 3364 1447 3426 ut
1459 3351 1563 3448 poffit
1579 3357 1747 3428 brevibus

272 3505 467 3599 complesti.
534 3503 607 3575 Hie
636 3512 759 3575 tamen
788 3502 960 3574 tabellam
994 3499 1279 3597 consignabimus
1312 3529 1438 3575 eorum
1471 3529 1563 3596 quae
1592 3505 1747 3582 Thomas

273 3653 378 3724 abbae
407 3656 446 3723 in
475 3655 578 3724 initio
606 3652 690 3723 suae
719 3647 1032 3724 administrationis
1061 3651 1256 3734 adinvenit,
1286 3660 1329 3722 ut
1354 3675 1436 3723 eum
1464 3653 1646 3745 duplicata
1667 3655 1746 3744 jam

274 3803 391 3874 omnia
407 3802 583 3874 audiverit
600 3801 720 3884 letior,
738 3799 897 3871 authoris
913 3798 1142 3892 prudentiam
1160 3807 1199 3870 et
1216 3799 1355 3871 labores
1372 3798 1550 3894 agnoscat.

543 4035 717 4106 Tannum
742 4053 875 4104 neuun
901 4053 1015 4115 eura,
1044 4038 1149 4114 1500,
1174 4031 1332 4104 Tnouao
1357 4053 1473 4105 annno

667 4205 709 4254 na
735 4204 856 4254 ceusu
883 4207 906 4250 1
932 4180 1093 4252 Karnos
1119 4201 1346 4251 romanum.

321 4394 452 4476 Primo,
477 4394 628 4493 Summa
652 4415 770 4464 annua
796 4392 919 4462 firmae
945 4357 1067 4482 (quani
1093 4393 1238 4484 vocant)
1264 4391 1432 4464 baroniae
1449 4417 1471 4465 a
1487 4390 1637 4486 Kynloa‚
1664 4393 1743 4476 fuit,

336 4529 340 4538 ’
1425 4540 1540 4610 Mare.
1557 4538 1645 4612 Soot
1665 4546 1745 4612 114.

322 4691 472 4764 Summa
486 4714 606 4764 annua
621 4691 725 4783 burgi
742 4714 764 4762 u
780 4688 969 4770 Finderne,
1094 4741 1102 4756 .
1204 4740 1213 4757 .
1314 4739 1322 4754 .
1424 4687 1538 4760 Mare.
1558 4695 1615 4760 20.

323 4839 473 4912 Summa
488 4863 608 4912 annua
623 4839 790 4910 baroniae
807 4861 829 4909 a
845 4833 1029 4928 Strathily,
1094 4886 1102 4901 .
1204 4887 1212 4902 .
1313 4886 1322 4902 .
1424 4834 1539 4906 Mare.
1559 4841 1640 4914 147.

323 4987 431 5069 Item,
448 4985 554 5058 villae
571 5010 592 5057 a
610 4984 827 5056 Leithnoeht
828 5034 1322 5068 ......
1425 4982 1540 5056 Maro.
1560 4987 1593 5058 6.
