4500 6100
685 764 1012 840 MONASTERII
1038 764 1074 837 A
1100 764 1326 839 KYNLOS.
1700 767 1745 837 65

263 963 474 1037 Alexandro
491 964 652 1057 pontifici
668 962 806 1035 summo
824 963 901 1055 ejus
918 964 1072 1033 nominis
1089 959 1212 1045 sexto;
1239 957 1423 1056 ohsrgnata
1438 959 1522 1033 sunt
1538 960 1743 1056 diplomata,

264 1116 354 1185 etin
368 1108 708 1205 Scotiamocyffime
724 1106 929 1183 transmissa
964 1109 1115 1193 Verum,
1134 1111 1230 1201 quod
1242 1133 1315 1181 non
1331 1118 1488 1203 putares,
1505 1112 1536 1181 is
1553 1111 1615 1202 qui
1628 1109 1745 1181 suerat

264 1262 394 1333 author
410 1261 647 1334 curandorum
660 1260 908 1351 diplomatum,
927 1253 1102 1352 Magister
1114 1257 1284 1329 videlicet
1295 1258 1320 1328 J
1322 1280 1456 1330 oannes
1469 1255 1644 1351 Lyndsay,
1661 1280 1746 1329 con-

265 1410 398 1481 festum
423 1410 613 1504 negocium
639 1408 845 1500 aliquandiu
869 1415 1067 1479 remoratus
1085 1403 1150 1478 est.
1201 1405 1247 1477 Ιιι
1263 1404 1368 1478 causa
1391 1415 1515 1477 autem
1541 1406 1611 1477 fuit
1636 1406 1746 1477 abbas

268 1554 482 1639 Gulielmua
499 1557 572 1647 qui,
589 1552 673 1641 suae
689 1556 922 1647 promotionis
936 1555 992 1644 (ut
1005 1556 1122 1647 aiunt)
1136 1553 1334 1647 diplomata
1342 1555 1389 1626 ab
1401 1554 1528 1624 codem
1541 1555 1745 1647 importata,

268 1701 429 1797 neglexit
453 1705 648 1787 redimere;
674 1698 901 1775 existimabat
927 1704 1024 1773 enim
1043 1703 1120 1794 jam
1146 1702 1261 1773 111111
1283 1702 1397 1773 altero
1413 1701 1544 1773 abbate
1561 1701 1652 1772 nihil
1676 1696 1746 1772 esse

269 1871 354 1941 opus
382 1850 456 1921 illis
485 1849 555 1921 suis
584 1850 847 1944 diplomatibus.
911 1850 1051 1923 Verum
1084 1859 1270 1934 mercator,
1300 1852 1362 1943 qui
1394 1849 1548 1922 multam
1576 1877 1719 1936 Memor

270 1995 499 2091 insumpserat
516 2002 553 2071 in
579 2024 622 2071 ea
638 2022 676 2071 re
693 2002 891 2092 pecuniam,
910 1996 1086 2071 diversum
1112 1996 1262 2083 sentire3
1287 2008 1397 2091 atque
1421 2001 1548 2070 eadem
1576 2008 1747 2086 Flommigm

270 2166 373 2237 opera
398 2170 532 2230 curare,
550 2156 592 2218 ut
608 2142 817 2240 posteriores
840 2147 978 2220 labores
1003 2151 1157 2242 priorem
1182 2172 1304 2221 curam
1322 2158 1360 2220 ct
1376 2150 1549 2220 damnum
1578 2140 1677 2198 ¹³⁰&-

272 2290 445 2365 sarcirent.
497 2294 540 2367 Id
558 2296 620 2367 ubi
645 2296 828 2367 intellexit
853 2297 1018 2367 dominus
1043 2296 1208 2379 Thomas,
1233 2295 1460 2367 Aberdonias
1481 2292 1534 2366 est
1557 2294 1746 2387 professus,

272 2450 306 2512 et
334 2466 418 2515 cum
446 2441 594 2515 honesto
619 2446 694 2514 viro
724 2442 932 2517 Alexandro
963 2444 1060 2537 Gray
1089 2418 1189 2515 bona
1211 2445 1283 2515 side
1311 2445 1357 2514 de
1384 2444 1533 2537 negocio
1562 2439 1745 2535 transegit.

272 2591 440 2686 Acceptis
457 2590 526 2663 suis
544 2602 582 2663 et
598 2588 870 2686 praedecessoris
886 2593 1151 2687 diplomatibus,
1176 2592 1223 2665 ad
1238 2588 1493 2663 monasterium
1517 2590 1637 2663 rediit.
1687 2587 1746 2659 Ac

271 2762 313 2811 ex
338 2762 437 2812 more
462 2749 636 2833 exceptus
653 2764 675 2811 a
691 2749 872 2812 conventu
899 2740 961 2831 (src
986 2740 1039 2812 illi
1060 2741 1271 2832 loquuntur)
1288 2741 1326 2810 in
1343 2738 1543 2831 capitulum
1567 2736 1666 2809 suam
1683 2760 1747 2808 ex·

271 2888 463 2979 plicatums
480 2890 735 2961 authoritatem
753 2898 791 2960 et
807 2898 951 2982 patrum
968 2890 1211 2960 obedientiam
1229 2886 1286 2978 (ut
1302 2888 1358 2980 lit)
1375 2885 1601 2981 suscepturus
1617 2888 1717 2958 abiit.

316 3036 388 3109 His
400 3008 472 3110 rite
489 3038 638 3132 perustis
656 3048 693 3110 at
710 3040 890 3122 canonice,
908 3040 1026 3130 coepit
1042 3036 1198 3109 Thomas
1222 3038 1332 3109 abbas
1357 3038 1402 3108 de
1428 3036 1613 3110 literarum
1630 3031 1746 3108 studio

270 3182 460 3258 intermisso
486 3184 605 3258 secum
630 3195 808 3281 reputare.
859 3186 1043 3259 Suadebat
1059 3187 1195 3281 ingenii
1215 3186 1358 3258 bonitas
1380 3197 1420 3257 et
1445 3210 1531 3258 cura
1551 3185 1746 3295 pastoralis,

271 3343 309 3406 11
325 3336 371 3406 ad
389 3337 586 3427 emporium
612 3335 787 3408 bonarum
804 3337 937 3406 artium
962 3343 1179 3428 properaret,
1204 3336 1302 3406 unde
1318 3333 1403 3406 suae
1418 3337 1559 3406 animae
1575 3335 1747 3428 pabulum

271 3490 306 3552 11
335 3481 407 3553 suis
435 3485 616 3554 monachis
645 3485 802 3555 ubertim
835 3483 1023 3578 suggerere
1052 3482 1183 3554 deinde
1208 3481 1353 3554 valeret.
1405 3481 1450 3553 Id
1477 3483 1571 3574 quod
1601 3479 1746 3565 fecisset,

269 3627 332 3702 nifi
367 3653 452 3702 cura
484 3633 535 3702 rei
569 3631 762 3714 familiaris,
796 3654 870 3701 non
900 3639 1042 3703 tantum
1072 3629 1144 3712 sua,
1174 3651 1299 3700 verum
1333 3631 1442 3700 etiam
1476 3625 1746 3722 praedecessoris

269 3778 417 3861 abbatis,
440 3778 486 3850 ad
509 3779 573 3850 has
598 3787 829 3850 externorum
856 3779 1081 3873 negotiorum
1108 3777 1220 3871 syrtes
1245 3800 1318 3848 non
1342 3776 1457 3849 solum
1486 3772 1661 3849 evocasset
1685 3777 1745 3848 sed

269 3921 459 4020 impulisset
486 3949 636 4019 quoque.
699 3926 815 3998 Tanto
845 3929 941 3998 enim
970 3950 1053 3998 aere
1081 3926 1198 3997 alieno
1227 3926 1458 4020 premebatur
1483 3949 1547 4020 per
1571 3928 1745 3999 incuriam

269 4071 448 4166 pastorum
472 4076 530 4148 hic
555 4075 654 4146 locus
680 4085 721 4145 11
746 4099 839 4169 pene
863 4075 963 4148 nulla
987 4073 1065 4168 spes
1088 4071 1280 4168 superesset
1304 4075 1447 4147 futurae
1471 4071 1745 4147 instaurationis.

270 4221 443 4295 Potentes
460 4247 500 4296 ao
517 4223 655 4296 nobiles
672 4234 794 4296 cutem
812 4226 873 4315 qui
889 4224 1054 4296 habitant
1071 4226 1239 4296 viciniam
1255 4222 1469 4308 monasterii,
1486 4226 1533 4295 ad
1547 4221 1584 4296 se
1601 4221 1745 4316 quisque

269 4392 324 4440 res
340 4368 446 4441 sacris
463 4365 581 4442 usibus
597 4369 791 4444 destinatas
816 4393 961 4463 rapere:
987 4369 1222 4464 piscationum
1246 4395 1357 4464 aquas
1380 4373 1585 4466 profanare:
1611 4396 1653 4442 ac
1669 4369 1745 4464 pos-

270 4512 474 4590 sessionibus
502 4520 686 4592 monachis
714 4514 894 4613 ashgnatis
920 4527 963 4590 ut
986 4518 1056 4590 suis
1081 4521 1147 4590 111.
1197 4520 1351 4591 Tantam
1380 4521 1632 4613 indignitatem
1661 4541 1745 4590 cnm

270 4665 407 4736 videret
430 4664 585 4738 Thomas
610 4666 729 4749 abbas,
755 4675 793 4737 ct
819 4689 879 4738 aas
904 4687 1074 4760 magnum
1093 4668 1132 4736 in
1147 4667 1366 4737 redimendis
1390 4664 1645 4758 diplomatibus
1661 4689 1746 4738 con·

269 4812 394 4885 flatum
411 4835 484 4884 non
500 4814 688 4907 ignoraret,
714 4815 833 4907 coepit
857 4816 976 4886 animo
993 4812 1136 4884 volvere
1161 4835 1232 4905 qno
1258 4813 1361 4904 pasto
1384 4811 1514 4883 melius
1530 4809 1594 4884 srbi
1611 4812 1745 4907 suoque

267 4957 480 5032 monasterio
505 4959 688 5034 consulere
712 4957 835 5054 posset.
886 4961 936 5033 Et
961 4961 1122 5053 quamvis
1147 4960 1333 5032 literarum
1357 4961 1462 5032 ardor
1485 4961 1680 5054 plurimum
1696 4965 1742 5035 ad
