4500 6100
697 735 1029 826 Moutsuunn
1054 750 1091 825 A
1119 751 1344 824 nunnus.
1719 763 1767 828 ee

277 963 375 1035 tnre;
411 972 536 1022 verum
560 971 625 1042 per
649 945 837 1022 intestines
861 947 1054 1022 seditiones
1075 973 1148 1020 non
1165 949 1269 1022 lieuit
1287 947 1486 1020 Muleolmo
1503 947 1620 1020 multe
1635 950 1764 1020 faeere.

143 1085 146 1092 ⁴
277 1099 448 1172 Extintto
478 1107 600 1171 eutem
631 1095 840 1181 Meloolmo,
870 1093 1031 1170 suceeffit
1062 1097 1268 1170 Gulielmue
1298 1095 1381 1170 Rex
1411 1099 1465 1168 vir
1493 1097 1586 1191 pins,
1614 1100 1676 1190 qui
1704 1100 1766 1169 do-

277 1251 376 1320 mino
398 1247 568 1320 Andreae
595 1256 633 1321 et
659 1243 819 1342 surgenti
848 1243 1070 1322 Monesterio
1098 1273 1120 1322 a
1147 1246 1289 1342 Kynloe
1316 1247 1511 1320 Duronium
1537 1272 1560 1319 u
1587 1247 1765 1342 Strothily

277 1400 371 1469 dono
406 1397 515 1469 dedit.
584 1395 657 1468 Hie
691 1396 871 1468 Dominus
910 1395 1077 1470 Andreae
1113 1399 1287 1468 fornicem
1319 1393 1482 1468 summae
1515 1419 1598 1468 erue
1635 1396 1763 1490 posuit

278 1559 315 1618 et
344 1571 424 1620 eum
454 1555 594 1642 purtem
628 1545 876 1618 columnarum
911 1543 1054 1620 eleustri
1088 1570 1181 1640 quae
1214 1547 1262 1620 ab
1293 1545 1428 1639 ungulo
1463 1542 1620 1618 vestiarii
1653 1544 1765 1639 usque

279 1699 322 1768 ed
340 1693 567 1790 sepulchrum
581 1695 658 1789 ejus
674 1718 772 1766 nune
790 1696 899 1766 etiem
919 1690 1052 1766 vifitur.

327 2140 512 2212 Domus
538 2139 757 2210 Rimnmue
1109 2134 1268 2221 ,Annis
1293 2161 1317 2210 u
1343 2137 1506 2214 Kentos
1535 2139 1717 2222 mneos,

751 2286 854 2359 Obiit
878 2286 990 2358 Anno
1009 2284 1158 2356 Domini
1180 2293 1286 2364 1219.

326 2589 423 2675 Quid
448 2583 514 2659 iste
539 2586 676 2668 feeerit,
707 2584 867 2655 nondum
897 2585 1052 2678 reperire
1082 2585 1276 2676 potuimus.
1328 2585 1406 2658 Sub
1435 2587 1505 2660 hoe
1535 2596 1658 2660 tomen
1689 2591 1766 2660 viro

279 2739 431 2812 dedutte
447 2735 500 2808 est
517 2735 657 2809 ooionie
673 2759 695 2808 n
710 2729 863 2806 Oukou.
915 2731 1025 2804 Anno
1043 2733 1193 2806 Domini
1213 2739 1319 2817 1217,
1336 2735 1405 2808 hoe
1425 2735 1479 2807 est
1503 2761 1527 2810 u
1550 2737 1765 2810 fundatione

280 2885 492 2962 Monesten‘i
521 2907 543 2956 u
571 2881 713 2978 Kynloe
747 2905 841 2956 anno
874 2883 953 2965 136,
992 2879 1079 2978 [76]
1112 2883 1206 2956 fatte
1232 2879 1286 2956 est
1315 2893 1516 2958 eonventue
1546 2887 1584 2958 S.
1615 2886 1766 2958 Serveni

280 3039 431 3121 eletti03
456 3045 494 3109 et
513 3035 663 3131 profesti
688 3032 772 3105 sunt
796 3031 934 3126 aliquot
960 3030 1135 3107 Monuohi
1159 3059 1182 3106 u
1207 3031 1359 3128 Kynloo,
1386 3035 1502 3108 veluti
1526 3036 1565 3109 in
1588 3035 1767 3109 ooloniem

281 3190 469 3282 quendem,
503 3188 549 3260 ed
577 3186 825 3259 fundationem
860 3178 1072 3255 Monesterii
1106 3208 1130 3255 e
1161 3182 1315 3269 canosa,
1350 3186 1409 3258 die
1440 3184 1538 3261 suere
1572 3186 1767 3260 Metthueo

282 3336 465 3433 Apostolo.
517 3335 780 3408 Moneehornm
805 3331 1052 3404 nominasent
1129 3388 1137 3403 .
1289 3388 1297 3405 .
1449 3390 1458 3406 .
1609 3388 1618 3406 .

331 3638 453 3731 Hujus
482 3637 578 3706 enim
609 3633 749 3705 ebbotie
777 3652 887 3724 opere
920 3627 1000 3720 <nit
1031 3632 1178 3701 omnino
1208 3630 1326 3724 fallor)
1356 3633 1527 3723 quiequid
1555 3632 1684 3723 reliqui
1714 3628 1768 3701 est

281 3782 432 3869 claustri,
460 3781 539 3879 post
564 3784 700 3854 domini
725 3778 896 3853 Andreae
921 3779 1061 3851 abbatie
1087 3780 1234 3850 initium
1258 3781 1442 3873 perettum
1468 3778 1532 3865 est,
1558 3803 1765 3873 quenquam

280 3960 360 4031 pure
401 3958 444 4007 ee
485 3956 576 4026 quee
618 3932 735 4026 vergit
776 3931 822 4000 ed
864 3928 1061 4021 eupitulum
1105 3928 1270 3999 videntur
1311 3928 1419 4022 longe
1460 3925 1651 4022 poterion
1693 3952 1766 4001 non

282 4084 436 4155 multum
454 4083 586 4164 refert3
612 4080 690 4151 fieri
707 4079 842 4150 etenim
860 4072 987 4169 potest,
1013 4084 1055 4147 ut
1080 4098 1164 4147 oum
1189 4070 1272 4149 erfit
1298 4074 1560 4151 Moneflerium
1577 4078 1766 4151 eoiumnue

281 4232 417 4325 aliquot
441 4227 511 4303 tint
540 4228 751 4311 eonfreitee,
777 4228 814 4297 in
840 4248 990 4317 querum
1021 4225 1142 4298 loeum
1171 4220 1390 4299 eoeefferuut
1415 4252 1504 4321 queo
1537 4252 1634 4300 nune
1668 4229 1766 4298 vide·

283 4404 361 4455 mue
385 4404 450 4476 per
473 4377 700 4473 insequentes
716 4376 876 4449 obbuteo.
