4500 6100
512 748 532 816 6
985 746 1235 820 HISTORIA
1260 747 1518 822 ABBATUM

511 945 721 1036 principum,
748 944 875 1034 quibus
892 945 1052 1038 vulgaria
1068 942 1246 1038 crassaque
1268 949 1396 1018 mundi
1412 950 1613 1019 tradantur
1634 949 1789 1042 negotia,
1817 951 1994 1020 accedunt

514 1092 766 1187 Episcoporum
784 1117 866 1164 cum
884 1091 1045 1164 universo
1066 1095 1162 1166 clero
1178 1104 1288 1188 atque
1305 1098 1531 1178 monachatu,
1549 1095 1722 1168 sanctiora
1742 1097 1992 1190 gubernacula,

514 1265 605 1332 quae
622 1241 693 1313 Dei
710 1240 796 1336 Opt.
816 1243 917 1315 Max.
936 1241 1102 1316 adversus
1118 1267 1184 1315 nos
1209 1247 1366 1316 furorem
1391 1243 1631 1339 compescunt,
1658 1253 1700 1316 ut
1722 1248 1761 1315 in
1784 1268 1872 1338 pace
1901 1247 1994 1315 hene

513 1393 690 1483 beateque
715 1394 896 1486 degamus.
950 1392 1036 1464 Non
1067 1391 1194 1464 desunt
1221 1393 1336 1465 Verbi
1370 1417 1573 1487 praecones,
1600 1394 1646 1465 ad
1670 1390 1929 1465 instituendam
1957 1397 1994 1464 in

514 1541 594 1634 lege
611 1539 758 1613 Domini
775 1542 929 1635 plebem,
947 1542 1066 1613 nevel
1083 1541 1271 1614 oscitantia
1287 1544 1401 1636 magis
1418 1564 1525 1634 quarn
1543 1551 1766 1635 contemptu,
1784 1542 1843 1612 vel
1858 1544 1997 1635 ignora·

516 1692 614 1760 tione
644 1713 786 1782 quoque
817 1690 937 1762 Deum
968 1693 1012 1763 ad
1046 1693 1330 1785 indignationem
1359 1699 1541 1783 provocet,
1569 1698 1608 1761 et
1637 1688 1686 1762 suc
1713 1693 1752 1762 in
1780 1690 1877 1762 bella
1908 1689 1997 1761 sedi-

517 1837 700 1930 tionesque
723 1849 879 1931 proruat,
896 1838 997 1910 nulla
1012 1841 1152 1910 ratione
1169 1862 1276 1930 quam
1292 1841 1428 1931 pietate
1446 1839 1634 1910 tollendas.
1686 1835 1773 1909 Post
1789 1840 1854 1909 hos
1871 1840 1929 1928 (ut
1946 1843 1997 1909 in-

517 1989 622 2057 terim
647 1989 812 2058 omittam
840 1987 999 2060 cellariae
1017 1997 1055 2058 et
1072 1989 1297 2060 mechanicas
1321 1999 1426 2070 artes,
1452 1947 1490 2058 in
1517 1988 1652 2058 multos
1672 1987 1756 2070 usus
1777 1985 1997 2078 necessarias)

517 2134 779 2228 subsequuntur
794 2137 969 2208 bonarum
986 2137 1171 2209 literarum
1188 2133 1404 2230 professores,
1422 2139 1552 2228 quihus
1569 2102 1747 2209 incumbit
1766 2138 1998 2230 juventutem

518 2287 562 2356 ad
590 2285 774 2356 meliorem
803 2287 942 2379 frugem
972 2295 1191 2357 convertere.
1243 2285 1350 2356 Pium
1379 2283 1462 2356 sane
1492 2284 1723 2377 sanctumque
1752 2289 1947 2381 negotium,
1974 2283 1999 2356 sr

519 2445 641 2506 tamen
668 2437 737 2506 rite
762 2437 921 2508 obentur.
983 2435 1041 2506 Ex
1070 2437 1135 2518 his,
1163 2436 1276 2508 veluti
1306 2433 1511 2520 seminariis,
1542 2439 1721 2529 prodeunt
1750 2435 1999 2529 Imperatores,

519 2585 638 2680 Reges
667 2597 705 2656 et
731 2585 925 2678 Principes,
956 2607 997 2656 ac
1024 2585 1386 2678 Remmpuhlicarom
1417 2583 1605 2668 custodem
1639 2609 1687 2656 ex
1715 2587 1773 2656 his
1798 2584 2000 2666 Pontifices,

519 2733 726 2818 sacerdotes,
752 2737 1078 2824 monachorumque
1105 2737 1280 2806 examina.
1332 2734 1389 2805 Ac
1416 2746 1457 2805 ut
1486 2737 1608 2828 paucis
1638 2734 1756 2806 multa
1778 2735 1999 2828 compleam,

520 2882 682 2955 universa
716 2883 949 2976 Reipublicae
982 2879 1074 2954 salus
1108 2907 1130 2952 a
1162 2884 1258 2954 retia
1289 2884 1495 2975 juventutis
1529 2880 1754 2954 institutione
1792 2884 1999 2976 propendet.

521 3034 638 3117 Quam
664 3030 691 3103 sr
716 3033 835 3103 minus
860 3033 952 3103 bene
986 3035 1236 3116 curaverimus,
1260 3057 1334 3104 non
1369 3034 1486 3105 dicam
1519 3058 1629 3127 quam
1654 3029 1922 3126 praeposterum
1960 3026 2001 3099 stt

520 3184 710 3275 negocium
733 3181 821 3252 talia
842 3182 969 3263 facere,
988 3184 1214 3273 experiemur
1230 3185 1377 3253 tandem
1396 3178 1535 3253 nostrae
1552 3182 1794 3275 negligentiae
1811 3182 2003 3251 incommo-

522 3335 653 3403 ditates
670 3331 849 3423 plurimas.
887 3330 936 3399 Et
954 3352 1042 3421 quos
1061 3332 1096 3401 in
1115 3330 1350 3423 Reipublicae
1366 3329 1519 3402 salutem
1545 3356 1609 3424 per
1634 3328 1860 3403 oscitantiam
1877 3332 2003 3402 educa·

522 3484 657 3564 bamus,
679 3484 756 3573 jam
782 3482 819 3550 in
850 3482 944 3550 faces
975 3480 1188 3571 publicaque
1221 3482 1389 3551 incendia
1420 3481 1520 3553 nulla
1549 3491 1626 3552 arte
1655 3477 1916 3575 exstinguenda
1944 3504 2004 3550 ex·
2112 3475 2118 3484 ’
2223 3437 2224 3496 l

522 3634 624 3703 citari
653 3626 772 3702 nostro
800 3640 838 3699 et
867 3630 1025 3699 omnium
1054 3628 1150 3699 malo
1178 3626 1445 3722 conspiciemus.
1509 3631 1647 3700 Curent
1675 3632 1786 3724 igitur
1803 3632 1865 3721 qni
1884 3630 2003 3701 literas

524 3783 664 3863 docent,
682 3775 786 3850 11111111
803 3788 840 3849 11
858 3800 976 3849 mores
993 3778 1108 3847 honos
1122 3774 1294 3849 instillare
1312 3780 1349 3847 in
1362 3776 1563 3870 pettnscula
1580 3788 1706 3849 tenera
1712 3778 1918 3870 juventutis
1934 3800 2005 3847 om·

372 3959 373 3962 ¹
524 3930 623 3999 nium
647 3930 796 4020 capacis.
847 3926 1042 3999 Revellnnt
1067 3922 1204 4019 siquae
1230 3923 1313 3996 sunt
1338 3926 1434 3997 mala
1457 3928 1619 4021 gramina
1644 3930 1811 4020 primum,
1829 3949 1876 3996 ne
1893 3928 2005 3997 virtus

524 4088 687 4149 recenter
704 4074 788 4159 sata,
815 4075 1002 4146 inutilibus
1018 4071 1211 4145 suffocetur
1227 4076 1356 4156 herbis,
1378 4098 1446 4145 nec
1463 4071 1567 4168 poffit
1590 4073 1800 4147 adolescere.
1851 4074 1897 4143 In
1913 4076 2007 4145 rudi-

473 4210 474 4213 *
525 4230 656 4299 mentis
683 4226 933 4320 grammatices
958 4222 1162 4305 tradendis,
1186 4218 1257 4293 lint
1274 4222 1457 4313 aliquanto
1475 4218 1699 4295 curiosiores:
1726 4232 1769 4294 ut
1796 4224 1913 4295 bonae
1935 4221 2005 4316 spei

517 4382 674 4471 juvenes·
697 4374 904 4467 intelligant
930 4395 1020 4464 quae
1047 4367 1091 4441 fit
1114 4375 1266 4471 propria,
1293 4396 1386 4463 quae
1403 4375 1515 4466 tropis
1532 4381 1570 4443 et
1587 4371 1826 4443 schematibus
1842 4374 2007 4443 redimita

525 4530 648 4609 oratio,
667 4536 731 4596 aut
747 4520 960 4616 hujusmodi.
1004 4520 1187 4615 Deinceps
1199 4524 1311 4593 citato
1328 4519 1414 4593 satis
1429 4520 1537 4615 passu,
1555 4524 1600 4592 ad
1617 4533 1782 4592 veterum
1798 4520 2006 4614 scriptorum

526 4678 724 4756 lethonem,
743 4672 823 4743 suos
840 4674 1021 4744 auditores
1038 4673 1249 4743 traducant:
1277 4682 1319 4741 ut
1337 4694 1425 4762 quos
1443 4671 1662 4742 imbiberunt
1678 4673 1930 4765 grammatices
1953 4694 2007 4741 ca-

525 4846 646 4906 nones,
659 4824 738 4915 jugi
757 4824 922 4913 variaque
940 4822 1092 4892 lettione
1110 4823 1178 4890 rite
1196 4821 1428 4912 comprobare
1446 4820 1599 4891 valeant.
1635 4819 1670 4888 A
1684 4830 1872 4911 poetarum
1884 4816 2007 4889 studiis

526 5000 597 5045 non
615 4973 794 5045 abducant
806 4972 1038 5063 juventutem
1056 4979 1315 5061 praeceptores,
1333 4968 1515 5060 inquibus
1532 4970 1756 5039 reconditum
1771 4966 1824 5039 est
1841 4968 2010 5060 quicquid

1287 6046 1295 6051 2
1305 6040 1311 6051 ε
1325 6038 1365 6050 ...u-
1376 6035 1389 6046 ΙΙ
1398 5813 2227 6050 'fflrfflWr—A)
