4500 6100
511 796 556 869 70
981 784 1232 859 HISTORIA
1257 780 1515 857 ABBATUM

509 981 698 1055 oscitantia
713 982 987 1053 intermortuam
1003 980 1225 1077 religu'onem,
1242 982 1487 1052 indecentem
1503 978 1665 1051 ordinem
1678 975 1866 1052 restituere
1881 991 1984 1073 prout

507 1130 667 1224 sequitur
678 1129 862 1203 laboravit.
913 1128 959 1199 In
971 1130 1095 1222 primia
1107 1131 1286 1202 morbidae
1298 1127 1436 1220 aliquot
1452 1148 1538 1199 ovea
1554 1128 1601 1198 de
1615 1124 1678 1198 suo
1693 1150 1811 1223 grege,
1828 1130 1982 1213 hortatu,

508 1288 547 1351 et
563 1280 659 1351 vitae
684 1277 874 1371 exempl03
901 1277 1040 1361 deinde,
1059 1278 1122 1349 nbi
1145 1276 1268 1350 salutis
1291 1275 1391 1371 spem
1417 1278 1516 1349 videt
1533 1275 1764 1370 deploratam,
1782 1280 1893 1349 etiam
1914 1277 1984 1349 levi

509 1428 668 1499 cauterio
696 1424 884 1498 restituere
913 1431 1064 1497 conatus
1092 1420 1156 1497 est.
1223 1420 1378 1498 Vidisses
1404 1422 1526 1495 statim
1550 1425 1758 1496 aberrantes
1785 1426 1873 1496 olim
1903 1448 1986 1500 ovea

508 1572 657 1671 pastoria
672 1574 864 1669 prudentia
888 1596 930 1645 ac
953 1572 1181 1645 humanitate
1204 1569 1416 1667 resipiscere,
1442 1580 1481 1643 et
1497 1573 1619 1643 omnia
1641 1572 1680 1643 iu
1704 1572 1834 1646 melius
1857 1571 1984 1645 sensam

510 1725 681 1797 converti.
724 1720 810 1793 Huc
822 1722 933 1793 etiam
945 1716 1097 1804 accessit,
1114 1732 1158 1791 ut
1169 1721 1320 1792 fratrum
1333 1740 1524 1791 numerum
1540 1720 1579 1790 iu
1596 1716 1739 1813 Kyuloe
1749 1724 1984 1817 perexiguum

507 1875 548 1943 in
574 1873 763 1943 decentem
789 1866 1084 1959 numerosamque
1112 1866 1338 1939 sodalitatem
1362 1864 1561 1961 surrigeret.
1625 1867 1787 1939 Ριίιιιιιιιι
1816 1892 1925 1961 quam
1948 1873 1985 1941 in

510 2022 678 2093 abbatem
696 2011 937 2109 designaretur
953 2014 1119 2085 dominus
1134 2014 1299 2097 Thomas,
1316 2017 1378 2085 vix
1391 2015 1662 2107 quatuordeeim
1675 2017 1803 2088 fratrea
1814 2020 1852 2089 in
1864 2040 1986 2103 mona-
2033 2068 2040 2077 -

510 2166 616 2239 sterio
639 2155 876 2246 videbdntur;
905 2156 1028 2256 postea
1044 2182 1129 2232 vcro
1146 2164 1274 2255 viginti
1298 2170 1362 2235 aut
1384 2162 1515 2255 plures,
1532 2186 1616 2236 cnm
1632 2188 1707 2236 uno
1723 2164 1871 2237 detonso
1896 2167 1986 2239 laico

513 2318 635 2409 (quem
660 2306 868 2385 conversum
893 2310 1033 2402 dicunt)
1059 2318 1233 2402 perpetuo
1257 2312 1482 2383 adnumerati
1507 2310 1601 2383 sunt
1651 2310 1712 2397 Et,
1738 2336 1786 2385 ne
1808 2322 1916 2407 putea
1936 2318 1989 2386 ita

511 2486 701 2537 numerum
726 2460 980 2531 monachorum
1003 2453 1258 2529 accrevissent
1282 2467 1406 2530 tamen
1434 2458 1568 2550 aliquid
1593 2461 1639 2531 de
1659 2462 1755 2532 vien
1779 2484 1903 2533 eorum
1928 2464 1989 2533 de-

511 2614 666 2686 trattum
690 2606 744 2693 fit,
770 2608 1014 2701 quotidianam
1040 2606 1150 2677 etiam
1180 2606 1387 2678 alimoniam
1412 2628 1496 2677 cum
1524 2602 1607 2699 ipsis
1630 2608 1834 2680 homiuibus
1858 2612 1989 2681 anitio-

511 2784 588 2833 rem
613 2758 743 2830 effecit.
794 2753 839 2826 In
865 2754 990 2826 diebus
1015 2755 1185 2836 carnium,
1210 2748 1358 2848 singulis
1381 2755 1646 2839 monachorum,
1667 2765 1810 2850 praeter
1825 2767 1987 2829 veterum

513 2876 818 2987 consuetudinem,
843 2909 997 2995 quatuor
1022 2900 1185 2973 denarios
1201 2900 1343 2991 adjecit.
1395 2900 1534 2972 Diebue
1551 2923 1635 2973 vero
1652 2902 1782 2994 quibua
1797 2902 1988 2976 vescuntur

514 3057 655 3134 Alogano
668 3057 762 3114 autc
806 3048 969 3147 piscibus,
997 3051 1191 3143 unicuique
1220 3048 1407 3121 denudum
1440 3045 1632 3145 adscripsit.
1700 3051 1798 3136 Quid
1823 3053 1869 3125 de
1895 3077 1986 3146 pane

513 3160 767 3342 &tuomst
805 3197 956 3289 loquar?
1007 3195 1092 3266 Moe
1121 3197 1192 3266 suit
1221 3194 1418 3279 antelato
1450 3219 1553 3288 pane,
1586 3197 1655 3268 hoo
1689 3194 1752 3282 est,
1782 3199 1909 3295 lagano
1942 3223 1986 3272 ex

516 3372 625 3450 pm
637 3367 773 3446 ptisanar-
813 3345 936 3416 avenis
960 3343 1005 3414 ad
1023 3344 1143 3436 iguem
1168 3341 1273 3434 snper
1288 3342 1469 3437 lupanario
1488 3346 1652 3428 formato,
1677 3347 1861 3418 monachia
1877 3346 1986 3420 vesci:

513 3478 571 3536 Μ
585 3494 634 3590 ’ξ’
653 3471 769 3591 ΨΜ
808 3513 915 3573 nnuc,
932 3490 1091 3562 'l'bomae
1107 3489 1248 3561 abbatia
1277 3491 1504 3562 humanitate
1528 3486 1695 3562 simulet
1719 3489 1899 3578 industrio,
1924 3519 1988 3588 per

512 3577 772 3758 gffizbhgsda
811 3635 967 3734 singulos
1012 3637 1140 3709 fratrea
1184 3639 1287 3729 panio
1330 3637 1579 3709 frumentitius
1619 3639 1806 3711 unciarum
1841 3645 1987 3738 triginta

516 3787 724 3867 11.··tt.155.]
767 3821 773 3866 ι
813 3789 964 3859 duarum
981 3785 1142 3878 quotidie
1157 3781 1311 3856 aoeeffit.

455 3895 457 3898 Α
565 3937 648 4008 Neo
665 3958 749 4008 eum
771 3935 946 4006 deterruit
962 3942 1146 4006 tantorum
1163 3934 1240 4004 vita
1254 3931 1418 4004 laborum
1433 3932 1539 4026 supra
1554 3934 1702 4005 modum
1725 3933 1988 4029 impeditiffima

519 4095 557 4158 et
575 4081 672 4178 quasa
690 4083 807 4182 alieno
824 4104 906 4154 aere
922 4076 1088 4176 oppreffi,
1106 4089 1150 4151 ut
1166 4081 1276 4153 etiam
1293 4080 1339 4151 de
1355 4077 1590 4153 instaurandis
1614 4082 1685 4154 loci
1705 4084 1874 4157 aediliciis
1898 4089 1991 4180 cogi·

434 4295 437 4304 .
516 4241 622 4306 taret.
687 4230 746 4302 Ita
772 4230 835 4301 ille
863 4229 908 4301 ab
935 4230 1086 4300 ineunte
1115 4234 1236 4299 aetate
1263 4229 1375 4298 vitam
1403 4223 1503 4299 suam
1531 4229 1747 4302 formaverat
1775 4233 1822 4302 ad
1850 4235 1990 4324 quidvis

515 4376 655 4453 honesti
685 4399 807 4450 curam
831 4373 1062 4456 subeundam,
1092 4382 1135 4444 ut
1159 4374 1295 4467 gratius
1319 4373 1374 4444 illi
1397 4371 1536 4468 semper
1564 4377 1674 4448 suerit
1702 4379 1740 4448 in
1773 4380 1989 4472 reipublicae

517 4529 600 4602 suae
625 4525 877 4622 compendium
902 4523 1024 4594 durius
1050 4523 1171 4593 vivere
1195 4543 1304 4613 quam
1328 4522 1461 4614 alioqui
1485 4547 1550 4616 per
1567 4525 1789 4618 voluptatem
1814 4529 1860 4598 de
1876 4528 1991 4601 officio

519 4689 557 4749 et
572 4677 659 4746 redi
677 4697 762 4746 cura
778 4669 966 4744 discedere.
1018 4670 1204 4763 Inprimis
1220 4671 1332 4764 igitur
1347 4670 1525 4763 templum
1541 4670 1657 4765 ipsum
1673 4670 1852 4747 vetustate
1868 4675 1991 4748 secun·

520 4825 606 4894 dum
635 4820 851 4894 testudinem
880 4827 1084 4914 corruptam
1111 4813 1270 4910 postibus
1300 4817 1472 4889 decenter
1498 4818 1622 4912 politia
1648 4817 1751 4915 supra
1778 4823 1926 4895 chorum
1952 4834 1992 4895 et

519 4973 558 5044 in
583 4991 835 5062 campanarum
852 4969 943 5040 turri
961 4964 1195 5050 instauravit3
1220 4989 1262 5038 ae
1287 4973 1407 5036 totum
1432 4967 1611 5060 templum
1636 4967 1831 5042 secuudum
1855 4975 1991 5045 tedium
