<?xml version="1.0" encoding="UTF-8"?>
<!DOCTYPE html PUBLIC "-//W3C//DTD XHTML 1.0 Transitional//EN"
    "http://www.w3.org/TR/xhtml1/DTD/xhtml1-transitional.dtd">
<html xmlns="http://www.w3.org/1999/xhtml" xml:lang="en" lang="en">
 <head>
  <title>
</title>
<meta http-equiv="Content-Type" content="text/html;charset=utf-8" />
  <meta name='ocr-system' content='tesseract 3.04.00' />
  <meta name='ocr-capabilities' content='ocr_page ocr_carea ocr_par ocr_line ocrx_word'/>
</head>
<body>
  <div class='ocr_page' id='page_1' title='image "./ferreriihistori00ferrgoog_0075.png"; bbox 0 0 4500 6100; ppageno 0'>
   <div class='ocr_carea' id='block_1_1' title="bbox 687 836 1740 913">
    <p class='ocr_par' dir='ltr' id='par_1_1' title="bbox 687 836 1740 913">
     <span class='ocr_line' id='line_1_1' title="bbox 687 836 1740 913; baseline 0.001 -3"><span class='ocrx_word' id='word_1_1' title='bbox 687 838 1016 911; x_wconf 77' lang='lat' dir='ltr'>MONAS&#39;I&#39;ERII</span> <span class='ocrx_word' id='word_1_2' title='bbox 1041 838 1078 909; x_wconf 89' lang='lat' dir='ltr'>A</span> <span class='ocrx_word' id='word_1_3' title='bbox 1104 836 1329 910; x_wconf 84' lang='lat' dir='ltr'><strong>KYNLOS.</strong></span> <span class='ocrx_word' id='word_1_4' title='bbox 1699 842 1740 913; x_wconf 78' lang='lat'>41</span> 
     </span>
    </p>
   </div>
   <div class='ocr_carea' id='block_1_2' title="bbox 25 1030 1888 4758">
    <p class='ocr_par' dir='ltr' id='par_1_2' title="bbox 25 1030 1888 4758">
     <span class='ocr_line' id='line_1_2' title="bbox 265 1030 1746 1130; baseline -0.001 -20"><span class='ocrx_word' id='word_1_5' title='bbox 265 1037 344 1110; x_wconf 90' lang='lat' dir='ltr'>suos</span> <span class='ocrx_word' id='word_1_6' title='bbox 360 1038 478 1109; x_wconf 88' lang='lat' dir='ltr'>rediit.</span> <span class='ocrx_word' id='word_1_7' title='bbox 530 1035 626 1107; x_wconf 87' lang='lat' dir='ltr'><strong>Item</strong></span> <span class='ocrx_word' id='word_1_8' title='bbox 642 1036 698 1107; x_wconf 88' lang='lat' dir='ltr'>bis</span> <span class='ocrx_word' id='word_1_9' title='bbox 721 1036 861 1130; x_wconf 85' lang='lat' dir='ltr'>legatus</span> <span class='ocrx_word' id='word_1_10' title='bbox 885 1038 923 1106; x_wconf 93' lang='lat' dir='ltr'>in</span> <span class='ocrx_word' id='word_1_11' title='bbox 948 1034 1085 1107; x_wconf 84' lang='lat' dir='ltr'>Gallias</span> <span class='ocrx_word' id='word_1_12' title='bbox 1111 1036 1157 1107; x_wconf 91' lang='lat' dir='ltr'>ad</span> <span class='ocrx_word' id='word_1_13' title='bbox 1183 1030 1410 1107; x_wconf 83' lang='lat' dir='ltr'>Franciscum</span> <span class='ocrx_word' id='word_1_14' title='bbox 1435 1057 1556 1128; x_wconf 87' lang='lat' dir='ltr'>regem</span> <span class='ocrx_word' id='word_1_15' title='bbox 1582 1036 1658 1129; x_wconf 90' lang='lat' dir='ltr'>ejus</span> <span class='ocrx_word' id='word_1_16' title='bbox 1683 1062 1746 1108; x_wconf 89' lang='grc'><strong>110-</strong></span> 
     </span>
     <span class='ocr_line' id='line_1_3' title="bbox 265 1176 1746 1280; baseline -0.003 -21"><span class='ocrx_word' id='word_1_17' title='bbox 265 1190 371 1259; x_wconf 86' lang='lat' dir='ltr'><strong>minis</strong></span> <span class='ocrx_word' id='word_1_18' title='bbox 387 1188 552 1280; x_wconf 91' lang='lat' dir='ltr'>primum,</span> <span class='ocrx_word' id='word_1_19' title='bbox 579 1208 643 1277; x_wconf 90' lang='lat' dir='ltr'>pro</span> <span class='ocrx_word' id='word_1_20' title='bbox 660 1182 713 1254; x_wconf 92' lang='lat' dir='ltr'>sui</span> <span class='ocrx_word' id='word_1_21' title='bbox 729 1186 823 1278; x_wconf 86' lang='lat' dir='ltr'>regie</span> <span class='ocrx_word' id='word_1_22' title='bbox 839 1184 1077 1268; x_wconf 88' lang='lat' dir='ltr'>matrimonio,</span> <span class='ocrx_word' id='word_1_23' title='bbox 1100 1182 1278 1276; x_wconf 68' lang='lat' dir='ltr'>prosedas</span> <span class='ocrx_word' id='word_1_24' title='bbox 1295 1176 1347 1253; x_wconf 91' lang='lat' dir='ltr'>est</span> <span class='ocrx_word' id='word_1_25' title='bbox 1364 1180 1429 1253; x_wconf 87' lang='lat' dir='ltr'>sub</span> <span class='ocrx_word' id='word_1_26' title='bbox 1446 1206 1581 1254; x_wconf 89' lang='lat' dir='ltr'>annum</span> <span class='ocrx_word' id='word_1_27' title='bbox 1599 1185 1746 1257; x_wconf 88' lang='lat' dir='ltr'>Domini</span> 
     </span>
     <span class='ocr_line' id='line_1_4' title="bbox 266 1329 1746 1428; baseline 0.001 -21"><span class='ocrx_word' id='word_1_28' title='bbox 266 1342 361 1407; x_wconf 83' lang='grc'><strong>1535</strong></span> <span class='ocrx_word' id='word_1_29' title='bbox 379 1336 504 1428; x_wconf 87' lang='lat' dir='ltr'>primo,</span> <span class='ocrx_word' id='word_1_30' title='bbox 523 1333 652 1403; x_wconf 89' lang='lat' dir='ltr'>deinde</span> <span class='ocrx_word' id='word_1_31' title='bbox 669 1329 734 1403; x_wconf 88' lang='lat' dir='ltr'>sub</span> <span class='ocrx_word' id='word_1_32' title='bbox 751 1355 884 1404; x_wconf 89' lang='grc'><strong>1111111111</strong></span> <span class='ocrx_word' id='word_1_33' title='bbox 905 1334 1010 1405; x_wconf 83' lang='grc'><strong>1536.</strong></span> <span class='ocrx_word' id='word_1_34' title='bbox 1054 1334 1166 1405; x_wconf 86' lang='grc' dir='ltr'><strong>Ν11110</strong></span> <span class='ocrx_word' id='word_1_35' title='bbox 1177 1343 1216 1405; x_wconf 88' lang='grc'>01</span> <span class='ocrx_word' id='word_1_36' title='bbox 1228 1334 1365 1426; x_wconf 75' lang='lat' dir='ltr'><strong>aliquot</strong></span> <span class='ocrx_word' id='word_1_37' title='bbox 1379 1358 1490 1406; x_wconf 88' lang='lat' dir='ltr'>annos</span> <span class='ocrx_word' id='word_1_38' title='bbox 1507 1339 1604 1407; x_wconf 88' lang='lat' dir='ltr'>inter</span> <span class='ocrx_word' id='word_1_39' title='bbox 1618 1336 1746 1409; x_wconf 89' lang='lat' dir='ltr'>Jacobi</span> 
     </span>
     <span class='ocr_line' id='line_1_5' title="bbox 265 1462 1744 1577; baseline 0.001 -23"><span class='ocrx_word' id='word_1_40' title='bbox 265 1462 384 1577; x_wconf 84' lang='lat' dir='ltr'>quinti</span> <span class='ocrx_word' id='word_1_41' title='bbox 400 1482 591 1554; x_wconf 81' lang='lat' dir='ltr'>Scotorum</span> <span class='ocrx_word' id='word_1_42' title='bbox 609 1479 719 1574; x_wconf 87' lang='lat' dir='ltr'>Regis</span> <span class='ocrx_word' id='word_1_43' title='bbox 737 1476 951 1551; x_wconf 77' lang='lat' dir='ltr'>consiliarios</span> <span class='ocrx_word' id='word_1_44' title='bbox 968 1504 1040 1551; x_wconf 94' lang='lat' dir='ltr'>non</span> <span class='ocrx_word' id='word_1_45' title='bbox 1058 1483 1220 1554; x_wconf 88' lang='lat' dir='ltr'>infimam</span> <span class='ocrx_word' id='word_1_46' title='bbox 1236 1490 1377 1574; x_wconf 87' lang='lat' dir='ltr'>partem</span> <span class='ocrx_word' id='word_1_47' title='bbox 1394 1492 1497 1553; x_wconf 89' lang='lat' dir='ltr'>tenet</span> <span class='ocrx_word' id='word_1_48' title='bbox 1513 1480 1744 1569; x_wconf 86' lang='lat' dir='ltr'>meritiffime,</span> 
     </span>
     <span class='ocr_line' id='line_1_6' title="bbox 265 1628 1742 1724; baseline 0.001 -21"><span class='ocrx_word' id='word_1_49' title='bbox 265 1654 347 1704; x_wconf 91' lang='lat' dir='ltr'>cum</span> <span class='ocrx_word' id='word_1_50' title='bbox 361 1632 408 1702; x_wconf 95' lang='lat' dir='ltr'>ob</span> <span class='ocrx_word' id='word_1_51' title='bbox 418 1632 510 1723; x_wconf 90' lang='lat' dir='ltr'>juris</span> <span class='ocrx_word' id='word_1_52' title='bbox 523 1628 708 1722; x_wconf 90' lang='lat' dir='ltr'>utriusque</span> <span class='ocrx_word' id='word_1_53' title='bbox 720 1630 886 1722; x_wconf 83' lang='lat' dir='ltr'>peritiam</span> <span class='ocrx_word' id='word_1_54' title='bbox 903 1635 981 1701; x_wconf 92' lang='lat' dir='ltr'>tum</span> <span class='ocrx_word' id='word_1_55' title='bbox 994 1632 1089 1702; x_wconf 87' lang='lat' dir='ltr'>vitoe</span> <span class='ocrx_word' id='word_1_56' title='bbox 1102 1628 1323 1715; x_wconf 88' lang='lat' dir='ltr'>modestiam,</span> <span class='ocrx_word' id='word_1_57' title='bbox 1344 1654 1414 1723; x_wconf 89' lang='lat' dir='ltr'>qua</span> <span class='ocrx_word' id='word_1_58' title='bbox 1426 1631 1622 1724; x_wconf 90' lang='lat' dir='ltr'>plurimum</span> <span class='ocrx_word' id='word_1_59' title='bbox 1635 1633 1742 1705; x_wconf 87' lang='lat' dir='ltr'>valet.</span> 
     </span>
     <span class='ocr_line' id='line_1_7' title="bbox 264 1774 1744 1876; baseline 0.001 -25"><span class='ocrx_word' id='word_1_60' title='bbox 264 1778 388 1853; x_wconf 85' lang='lat' dir='ltr'>Habet</span> <span class='ocrx_word' id='word_1_61' title='bbox 406 1780 516 1851; x_wconf 89' lang='lat' dir='ltr'>etiam</span> <span class='ocrx_word' id='word_1_62' title='bbox 541 1774 816 1872; x_wconf 85' lang='lat' dir='ltr'>resignationem</span> <span class='ocrx_word' id='word_1_63' title='bbox 834 1779 985 1849; x_wconf 80' lang='lat' dir='ltr'>vicariae</span> <span class='ocrx_word' id='word_1_64' title='bbox 1002 1802 1023 1850; x_wconf 89' lang='grc'>1</span> <span class='ocrx_word' id='word_1_65' title='bbox 1040 1777 1222 1872; x_wconf 84' lang='lat' dir='ltr'>Kirkaldy</span> <span class='ocrx_word' id='word_1_66' title='bbox 1238 1780 1283 1850; x_wconf 89' lang='lat' dir='ltr'>ab</span> <span class='ocrx_word' id='word_1_67' title='bbox 1301 1778 1479 1849; x_wconf 92' lang='lat' dir='ltr'>avunculo</span> <span class='ocrx_word' id='word_1_68' title='bbox 1497 1778 1560 1850; x_wconf 92' lang='lat' dir='ltr'>suo</span> <span class='ocrx_word' id='word_1_69' title='bbox 1577 1779 1744 1876; x_wconf 86' lang='lat' dir='ltr'>magistro</span> 
     </span>
     <span class='ocr_line' id='line_1_8' title="bbox 265 1924 1743 2023; baseline 0.001 -23"><span class='ocrx_word' id='word_1_70' title='bbox 265 1930 424 2000; x_wconf 88' lang='lat' dir='ltr'>Roberto</span> <span class='ocrx_word' id='word_1_71' title='bbox 451 1926 686 2009; x_wconf 83' lang='lat' dir='ltr'>Schanvvelle,</span> <span class='ocrx_word' id='word_1_72' title='bbox 712 1928 773 2017; x_wconf 92' lang='lat' dir='ltr'>qui</span> <span class='ocrx_word' id='word_1_73' title='bbox 799 1927 915 1997; x_wconf 89' lang='lat' dir='ltr'>adhuc</span> <span class='ocrx_word' id='word_1_74' title='bbox 941 1929 1040 1998; x_wconf 87' lang='lat' dir='ltr'>vivit.</span> <span class='ocrx_word' id='word_1_75' title='bbox 1091 1925 1139 1997; x_wconf 93' lang='lat' dir='ltr'>In</span> <span class='ocrx_word' id='word_1_76' title='bbox 1164 1924 1378 1999; x_wconf 87' lang='lat' dir='ltr'>monasterio</span> <span class='ocrx_word' id='word_1_77' title='bbox 1403 1935 1526 1999; x_wconf 88' lang='lat' dir='ltr'>autem</span> <span class='ocrx_word' id='word_1_78' title='bbox 1556 1952 1578 2001; x_wconf 91' lang='lat' dir='ltr'>a</span> <span class='ocrx_word' id='word_1_79' title='bbox 1603 1930 1743 2023; x_wconf 82' lang='lat' dir='ltr'>Kynlos</span> 
     </span>
     <span class='ocr_line' id='line_1_9' title="bbox 263 2072 1744 2171; baseline 0.001 -22"><span class='ocrx_word' id='word_1_80' title='bbox 263 2091 365 2171; x_wconf 87' lang='lat' dir='ltr'>parat</span> <span class='ocrx_word' id='word_1_81' title='bbox 394 2077 555 2168; x_wconf 89' lang='lat' dir='ltr'>quotidie</span> <span class='ocrx_word' id='word_1_82' title='bbox 584 2073 701 2146; x_wconf 90' lang='lat' dir='ltr'>multa</span> <span class='ocrx_word' id='word_1_83' title='bbox 725 2076 770 2145; x_wconf 90' lang='lat' dir='ltr'>ad</span> <span class='ocrx_word' id='word_1_84' title='bbox 796 2098 906 2146; x_wconf 90' lang='lat' dir='ltr'>novas</span> <span class='ocrx_word' id='word_1_85' title='bbox 931 2076 997 2146; x_wconf 83' lang='lat' dir='ltr'>viz.</span> <span class='ocrx_word' id='word_1_86' title='bbox 1023 2072 1225 2159; x_wconf 80' lang='grc'><strong>1110811110,</strong></span> <span class='ocrx_word' id='word_1_87' title='bbox 1252 2084 1290 2146; x_wconf 89' lang='grc'>01</span> <span class='ocrx_word' id='word_1_88' title='bbox 1314 2077 1383 2147; x_wconf 88' lang='lat' dir='ltr'>hoo</span> <span class='ocrx_word' id='word_1_89' title='bbox 1412 2100 1506 2147; x_wconf 91' lang='lat' dir='ltr'>anno</span> <span class='ocrx_word' id='word_1_90' title='bbox 1535 2085 1639 2161; x_wconf 84' lang='lat'>1537,</span> <span class='ocrx_word' id='word_1_91' title='bbox 1669 2091 1744 2151; x_wconf 86' lang='lat' dir='ltr'>tres</span> 
     </span>
     <span class='ocr_line' id='line_1_10' title="bbox 264 2221 1740 2317; baseline 0.003 -20"><span class='ocrx_word' id='word_1_92' title='bbox 264 2248 364 2297; x_wconf 88' lang='lat' dir='ltr'>arcus</span> <span class='ocrx_word' id='word_1_93' title='bbox 381 2226 419 2295; x_wconf 91' lang='lat' dir='ltr'>iu</span> <span class='ocrx_word' id='word_1_94' title='bbox 437 2221 579 2296; x_wconf 88' lang='lat' dir='ltr'>claustri</span> <span class='ocrx_word' id='word_1_95' title='bbox 597 2222 736 2317; x_wconf 84' lang='lat' dir='ltr'>angulis</span> <span class='ocrx_word' id='word_1_96' title='bbox 762 2224 946 2307; x_wconf 87' lang='lat' dir='ltr'>extruxit;</span> <span class='ocrx_word' id='word_1_97' title='bbox 971 2247 1067 2296; x_wconf 89' lang='lat' dir='ltr'>nunc</span> <span class='ocrx_word' id='word_1_98' title='bbox 1085 2248 1234 2295; x_wconf 88' lang='lat' dir='ltr'>manum</span> <span class='ocrx_word' id='word_1_99' title='bbox 1250 2226 1410 2297; x_wconf 89' lang='lat' dir='ltr'>admovit</span> <span class='ocrx_word' id='word_1_100' title='bbox 1427 2249 1521 2297; x_wconf 91' lang='lat' dir='ltr'>novo</span> <span class='ocrx_word' id='word_1_101' title='bbox 1544 2228 1740 2301; x_wconf 90' lang='lat' dir='ltr'>columbari</span> 
     </span>
     <span class='ocr_line' id='line_1_11' title="bbox 263 2368 1743 2471; baseline 0.004 -28"><span class='ocrx_word' id='word_1_102' title='bbox 263 2375 426 2466; x_wconf 87' lang='lat' dir='ltr'>proxime</span> <span class='ocrx_word' id='word_1_103' title='bbox 468 2373 512 2443; x_wconf 90' lang='lat' dir='ltr'>ad</span> <span class='ocrx_word' id='word_1_104' title='bbox 555 2368 759 2443; x_wconf 86' lang='lat' dir='ltr'>monasterii</span> <span class='ocrx_word' id='word_1_105' title='bbox 801 2370 1058 2456; x_wconf 83' lang='lat' dir='ltr'>moletrinum3</span> <span class='ocrx_word' id='word_1_106' title='bbox 1109 2372 1307 2444; x_wconf 83' lang='lat' dir='ltr'>identidem</span> <span class='ocrx_word' id='word_1_107' title='bbox 1350 2374 1396 2445; x_wconf 90' lang='lat' dir='ltr'>ad</span> <span class='ocrx_word' id='word_1_108' title='bbox 1437 2374 1590 2447; x_wconf 79' lang='lat' dir='ltr'>fornices</span> <span class='ocrx_word' id='word_1_109' title='bbox 1623 2382 1743 2471; x_wconf 87' lang='lat' dir='ltr'>magni</span> 
     </span>
     <span class='ocr_line' id='line_1_12' title="bbox 264 2516 1743 2616; baseline 0.003 -23"><span class='ocrx_word' id='word_1_110' title='bbox 264 2520 419 2593; x_wconf 82' lang='lat' dir='ltr'>cubiculi</span> <span class='ocrx_word' id='word_1_111' title='bbox 442 2521 581 2593; x_wconf 88' lang='lat' dir='ltr'>abbatis</span> <span class='ocrx_word' id='word_1_112' title='bbox 607 2543 688 2591; x_wconf 90' lang='lat' dir='ltr'>oum</span> <span class='ocrx_word' id='word_1_113' title='bbox 714 2519 817 2591; x_wconf 88' lang='lat' dir='ltr'>aulae</span> <span class='ocrx_word' id='word_1_114' title='bbox 843 2516 927 2591; x_wconf 87' lang='lat' dir='ltr'>suae</span> <span class='ocrx_word' id='word_1_115' title='bbox 952 2516 1217 2592; x_wconf 85' lang='lat' dir='ltr'>instamatione.</span> <span class='ocrx_word' id='word_1_116' title='bbox 1269 2518 1432 2593; x_wconf 90' lang='lat' dir='ltr'>Instituit</span> <span class='ocrx_word' id='word_1_117' title='bbox 1455 2533 1641 2616; x_wconf 91' lang='lat' dir='ltr'>praeterea</span> <span class='ocrx_word' id='word_1_118' title='bbox 1657 2524 1743 2597; x_wconf 87' lang='lat' dir='ltr'>satis</span> 
     </span>
     <span class='ocr_line' id='line_1_13' title="bbox 264 2668 1743 2765; baseline 0.001 -23"><span class='ocrx_word' id='word_1_119' title='bbox 264 2668 440 2763; x_wconf 85' lang='lat' dir='ltr'>copiosam</span> <span class='ocrx_word' id='word_1_120' title='bbox 474 2670 512 2740; x_wconf 93' lang='lat' dir='ltr'>in</span> <span class='ocrx_word' id='word_1_121' title='bbox 541 2671 639 2740; x_wconf 92' lang='lat' dir='ltr'>omni</span> <span class='ocrx_word' id='word_1_122' title='bbox 669 2668 933 2762; x_wconf 88' lang='lat' dir='ltr'>disciplinarum</span> <span class='ocrx_word' id='word_1_123' title='bbox 965 2691 1097 2763; x_wconf 84' lang='lat' dir='ltr'>genere</span> <span class='ocrx_word' id='word_1_124' title='bbox 1131 2669 1398 2755; x_wconf 87' lang='lat' dir='ltr'>bibliothecam,</span> <span class='ocrx_word' id='word_1_125' title='bbox 1432 2695 1539 2765; x_wconf 89' lang='lat' dir='ltr'>quam</span> <span class='ocrx_word' id='word_1_126' title='bbox 1575 2696 1639 2744; x_wconf 88' lang='lat' dir='ltr'>nos</span> <span class='ocrx_word' id='word_1_127' title='bbox 1673 2674 1743 2745; x_wconf 89' lang='lat' dir='ltr'>alio</span> 
     </span>
     <span class='ocr_line' id='line_1_14' title="bbox 264 2814 1881 2917; baseline 0.001 -28"><span class='ocrx_word' id='word_1_128' title='bbox 264 2819 386 2891; x_wconf 87' lang='lat' dir='ltr'>libello</span> <span class='ocrx_word' id='word_1_129' title='bbox 412 2814 681 2914; x_wconf 74' lang='lat' dir='ltr'>designavimus,</span> <span class='ocrx_word' id='word_1_130' title='bbox 701 2826 739 2889; x_wconf 90' lang='lat' dir='ltr'>et</span> <span class='ocrx_word' id='word_1_131' title='bbox 755 2841 802 2887; x_wconf 92' lang='grc'>110</span> <span class='ocrx_word' id='word_1_132' title='bbox 819 2819 905 2909; x_wconf 91' lang='lat' dir='ltr'>quid</span> <span class='ocrx_word' id='word_1_133' title='bbox 929 2814 1019 2889; x_wconf 84' lang='lat' dir='ltr'>defit</span> <span class='ocrx_word' id='word_1_134' title='bbox 1038 2818 1116 2910; x_wconf 89' lang='lat' dir='ltr'>jam</span> <span class='ocrx_word' id='word_1_135' title='bbox 1142 2820 1370 2913; x_wconf 84' lang='lat' dir='ltr'>aggredietur</span> <span class='ocrx_word' id='word_1_136' title='bbox 1394 2821 1541 2891; x_wconf 91' lang='lat' dir='ltr'>domum</span> <span class='ocrx_word' id='word_1_137' title='bbox 1557 2820 1744 2917; x_wconf 78' lang='lat' dir='ltr'>elegantis-</span> <span class='ocrx_word' id='word_1_138' title='bbox 1878 2842 1881 2845; x_wconf 75' lang='grc'>’</span> 
     </span>
     <span class='ocr_line' id='line_1_15' title="bbox 264 2963 1744 3065; baseline 0.002 -26"><span class='ocrx_word' id='word_1_139' title='bbox 264 2966 387 3041; x_wconf 86' lang='lat' dir='ltr'>limam</span> <span class='ocrx_word' id='word_1_140' title='bbox 411 2970 583 3063; x_wconf 88' lang='lat' dir='ltr'>quadrato</span> <span class='ocrx_word' id='word_1_141' title='bbox 609 2968 727 3062; x_wconf 89' lang='lat' dir='ltr'>lapide</span> <span class='ocrx_word' id='word_1_142' title='bbox 752 2969 790 3037; x_wconf 92' lang='lat' dir='ltr'>in</span> <span class='ocrx_word' id='word_1_143' title='bbox 816 2991 886 3062; x_wconf 94' lang='lat' dir='ltr'>quo</span> <span class='ocrx_word' id='word_1_144' title='bbox 912 2967 993 3038; x_wconf 87' lang='lat' dir='ltr'>libri</span> <span class='ocrx_word' id='word_1_145' title='bbox 1019 2963 1246 3040; x_wconf 83' lang='lat' dir='ltr'>asservantur.</span> <span class='ocrx_word' id='word_1_146' title='bbox 1298 2968 1419 3062; x_wconf 88' lang='lat' dir='ltr'>Hujus</span> <span class='ocrx_word' id='word_1_147' title='bbox 1444 2971 1582 3042; x_wconf 89' lang='lat' dir='ltr'>abbatis</span> <span class='ocrx_word' id='word_1_148' title='bbox 1607 2972 1744 3065; x_wconf 87' lang='lat' dir='ltr'>reliqua</span> 
     </span>
     <span class='ocr_line' id='line_1_16' title="bbox 264 3114 1743 3213; baseline 0.001 -22"><span class='ocrx_word' id='word_1_149' title='bbox 264 3142 354 3212; x_wconf 89' lang='lat' dir='ltr'>quae</span> <span class='ocrx_word' id='word_1_150' title='bbox 379 3119 539 3212; x_wconf 87' lang='lat' dir='ltr'>quotidie</span> <span class='ocrx_word' id='word_1_151' title='bbox 565 3119 651 3189; x_wconf 89' lang='lat' dir='ltr'>facit</span> <span class='ocrx_word' id='word_1_152' title='bbox 669 3117 726 3188; x_wconf 91' lang='lat' dir='ltr'>vel</span> <span class='ocrx_word' id='word_1_153' title='bbox 752 3119 861 3190; x_wconf 89' lang='lat' dir='ltr'>etiam</span> <span class='ocrx_word' id='word_1_154' title='bbox 888 3119 1043 3189; x_wconf 79' lang='grc'><strong>1111111110</strong></span> <span class='ocrx_word' id='word_1_155' title='bbox 1061 3115 1123 3202; x_wconf 89' lang='lat' dir='ltr'>est,</span> <span class='ocrx_word' id='word_1_156' title='bbox 1142 3114 1168 3188; x_wconf 93' lang='grc'>11</span> <span class='ocrx_word' id='word_1_157' title='bbox 1187 3122 1262 3191; x_wconf 89' lang='lat' dir='ltr'>vita</span> <span class='ocrx_word' id='word_1_158' title='bbox 1277 3117 1454 3213; x_wconf 89' lang='lat' dir='ltr'>suppetat,</span> <span class='ocrx_word' id='word_1_159' title='bbox 1480 3120 1680 3193; x_wconf 88' lang='lat' dir='ltr'>observabit</span> <span class='ocrx_word' id='word_1_160' title='bbox 1706 3133 1743 3192; x_wconf 92' lang='grc'>01</span> 
     </span>
     <span class='ocr_line' id='line_1_17' title="bbox 265 3264 1744 3363; baseline 0.003 -25"><span class='ocrx_word' id='word_1_161' title='bbox 265 3271 300 3340; x_wconf 91' lang='lat' dir='ltr'>in</span> <span class='ocrx_word' id='word_1_162' title='bbox 326 3269 624 3341; x_wconf 86' lang='lat' dir='ltr'>commentarium</span> <span class='ocrx_word' id='word_1_163' title='bbox 650 3269 774 3338; x_wconf 89' lang='lat' dir='ltr'>mittet</span> <span class='ocrx_word' id='word_1_164' title='bbox 799 3264 986 3360; x_wconf 85' lang='lat' dir='ltr'>posteritas</span> <span class='ocrx_word' id='word_1_165' title='bbox 1004 3276 1046 3338; x_wconf 94' lang='lat' dir='ltr'>ut</span> <span class='ocrx_word' id='word_1_166' title='bbox 1063 3277 1152 3361; x_wconf 88' lang='lat' dir='ltr'>puto</span> <span class='ocrx_word' id='word_1_167' title='bbox 1168 3271 1311 3363; x_wconf 75' lang='lat' dir='ltr'>gratior.</span> <span class='ocrx_word' id='word_1_168' title='bbox 1364 3266 1528 3362; x_wconf 87' lang='lat' dir='ltr'>Suscepit</span> <span class='ocrx_word' id='word_1_169' title='bbox 1552 3269 1611 3340; x_wconf 89' lang='lat' dir='ltr'>hic</span> <span class='ocrx_word' id='word_1_170' title='bbox 1636 3272 1744 3342; x_wconf 85' lang='lat' dir='ltr'>abbas</span> 
     </span>
     <span class='ocr_line' id='line_1_18' title="bbox 265 3413 1743 3510; baseline 0.001 -23"><span class='ocrx_word' id='word_1_171' title='bbox 265 3417 327 3490; x_wconf 91' lang='lat' dir='ltr'>sub</span> <span class='ocrx_word' id='word_1_172' title='bbox 357 3419 461 3489; x_wconf 87' lang='lat' dir='ltr'>initio</span> <span class='ocrx_word' id='word_1_173' title='bbox 493 3415 545 3486; x_wconf 86' lang='lat' dir='ltr'>sui</span> <span class='ocrx_word' id='word_1_174' title='bbox 575 3413 801 3510; x_wconf 86' lang='lat' dir='ltr'>magistratus</span> <span class='ocrx_word' id='word_1_175' title='bbox 831 3418 869 3486; x_wconf 91' lang='lat' dir='ltr'>in</span> <span class='ocrx_word' id='word_1_176' title='bbox 898 3417 1154 3489; x_wconf 87' lang='lat' dir='ltr'>monachatum</span> <span class='ocrx_word' id='word_1_177' title='bbox 1188 3417 1374 3488; x_wconf 91' lang='lat' dir='ltr'>dominum</span> <span class='ocrx_word' id='word_1_178' title='bbox 1406 3417 1580 3490; x_wconf 84' lang='lat' dir='ltr'>Thomam</span> <span class='ocrx_word' id='word_1_179' title='bbox 1610 3418 1743 3502; x_wconf 89' lang='lat' dir='ltr'>Broun,</span> 
     </span>
     <span class='ocr_line' id='line_1_19' title="bbox 264 3562 1744 3659; baseline 0.001 -22"><span class='ocrx_word' id='word_1_180' title='bbox 264 3589 359 3638; x_wconf 88' lang='lat' dir='ltr'>nunc</span> <span class='ocrx_word' id='word_1_181' title='bbox 392 3564 630 3659; x_wconf 84' lang='lat' dir='ltr'>superiorem3</span> <span class='ocrx_word' id='word_1_182' title='bbox 665 3574 811 3635; x_wconf 86' lang='lat' dir='ltr'>etcum</span> <span class='ocrx_word' id='word_1_183' title='bbox 842 3587 884 3636; x_wconf 85' lang='lat' dir='ltr'>eo</span> <span class='ocrx_word' id='word_1_184' title='bbox 915 3564 1069 3636; x_wconf 87' lang='lat' dir='ltr'>alterum</span> <span class='ocrx_word' id='word_1_185' title='bbox 1100 3567 1158 3637; x_wconf 92' lang='lat' dir='ltr'>cui</span> <span class='ocrx_word' id='word_1_186' title='bbox 1188 3588 1321 3636; x_wconf 91' lang='lat' dir='ltr'>nomen</span> <span class='ocrx_word' id='word_1_187' title='bbox 1350 3562 1403 3636; x_wconf 91' lang='grc'>011</span> <span class='ocrx_word' id='word_1_188' title='bbox 1433 3567 1578 3637; x_wconf 91' lang='lat' dir='ltr'>domino</span> <span class='ocrx_word' id='word_1_189' title='bbox 1606 3566 1744 3638; x_wconf 89' lang='lat' dir='ltr'>Jacobo</span> 
     </span>
     <span class='ocr_line' id='line_1_20' title="bbox 266 3709 1743 3808; baseline 0.001 -24"><span class='ocrx_word' id='word_1_190' title='bbox 266 3713 366 3798; x_wconf 90' lang='lat' dir='ltr'>Burt,</span> <span class='ocrx_word' id='word_1_191' title='bbox 391 3715 564 3808; x_wconf 90' lang='lat' dir='ltr'>juvenem</span> <span class='ocrx_word' id='word_1_192' title='bbox 588 3711 632 3785; x_wconf 88' lang='lat' dir='ltr'>ad</span> <span class='ocrx_word' id='word_1_193' title='bbox 659 3713 782 3784; x_wconf 86' lang='lat' dir='ltr'>literas</span> <span class='ocrx_word' id='word_1_194' title='bbox 807 3721 933 3807; x_wconf 87' lang='lat' dir='ltr'>aptum</span> <span class='ocrx_word' id='word_1_195' title='bbox 957 3711 1049 3796; x_wconf 87' lang='lat' dir='ltr'>satis,</span> <span class='ocrx_word' id='word_1_196' title='bbox 1073 3709 1099 3782; x_wconf 92' lang='grc'>11</span> <span class='ocrx_word' id='word_1_197' title='bbox 1124 3716 1284 3785; x_wconf 91' lang='lat' dir='ltr'>animum</span> <span class='ocrx_word' id='word_1_198' title='bbox 1311 3715 1507 3785; x_wconf 89' lang='lat' dir='ltr'>intenderit</span> <span class='ocrx_word' id='word_1_199' title='bbox 1529 3713 1652 3785; x_wconf 91' lang='lat' dir='ltr'>suum:</span> <span class='ocrx_word' id='word_1_200' title='bbox 1678 3717 1743 3786; x_wconf 86' lang='lat' dir='ltr'>hos</span> 
     </span>
     <span class='ocr_line' id='line_1_21' title="bbox 267 3861 1744 3958; baseline 0.002 -25"><span class='ocrx_word' id='word_1_201' title='bbox 267 3863 353 3934; x_wconf 91' lang='lat' dir='ltr'>dnos</span> <span class='ocrx_word' id='word_1_202' title='bbox 369 3886 471 3934; x_wconf 89' lang='grc'><strong>111010</strong></span> <span class='ocrx_word' id='word_1_203' title='bbox 489 3887 594 3934; x_wconf 88' lang='lat' dir='ltr'>curae</span> <span class='ocrx_word' id='word_1_204' title='bbox 620 3861 780 3947; x_wconf 89' lang='lat' dir='ltr'>traditos,</span> <span class='ocrx_word' id='word_1_205' title='bbox 808 3872 983 3954; x_wconf 89' lang='lat' dir='ltr'>quantum</span> <span class='ocrx_word' id='word_1_206' title='bbox 1009 3862 1112 3933; x_wconf 88' lang='lat' dir='ltr'>licuit</span> <span class='ocrx_word' id='word_1_207' title='bbox 1129 3885 1194 3955; x_wconf 90' lang='lat' dir='ltr'>per</span> <span class='ocrx_word' id='word_1_208' title='bbox 1210 3885 1334 3933; x_wconf 90' lang='lat' dir='ltr'>eorum</span> <span class='ocrx_word' id='word_1_209' title='bbox 1350 3865 1388 3932; x_wconf 93' lang='lat' dir='ltr'>in</span> <span class='ocrx_word' id='word_1_210' title='bbox 1405 3863 1577 3957; x_wconf 90' lang='lat' dir='ltr'>religione</span> <span class='ocrx_word' id='word_1_211' title='bbox 1594 3889 1744 3958; x_wconf 87' lang='lat' dir='ltr'>occupa-</span> 
     </span>
     <span class='ocr_line' id='line_1_22' title="bbox 266 4006 1888 4116; baseline 0.002 -36"><span class='ocrx_word' id='word_1_212' title='bbox 266 4011 391 4095; x_wconf 88' lang='lat' dir='ltr'>tiones,</span> <span class='ocrx_word' id='word_1_213' title='bbox 409 4011 454 4083; x_wconf 87' lang='lat' dir='ltr'>ad</span> <span class='ocrx_word' id='word_1_214' title='bbox 471 4012 582 4082; x_wconf 89' lang='lat' dir='ltr'>bonas</span> <span class='ocrx_word' id='word_1_215' title='bbox 599 4009 721 4081; x_wconf 87' lang='lat' dir='ltr'>literas</span> <span class='ocrx_word' id='word_1_216' title='bbox 739 4019 777 4082; x_wconf 89' lang='grc'>01</span> <span class='ocrx_word' id='word_1_217' title='bbox 794 4007 994 4082; x_wconf 89' lang='lat' dir='ltr'>universam</span> <span class='ocrx_word' id='word_1_218' title='bbox 1014 4006 1271 4105; x_wconf 90' lang='lat' dir='ltr'>philosophiam</span> <span class='ocrx_word' id='word_1_219' title='bbox 1295 4009 1517 4082; x_wconf 87' lang='lat' dir='ltr'>inflammare</span> <span class='ocrx_word' id='word_1_220' title='bbox 1533 4034 1605 4082; x_wconf 92' lang='lat' dir='ltr'>non</span> <span class='ocrx_word' id='word_1_221' title='bbox 1623 4011 1743 4083; x_wconf 88' lang='lat' dir='ltr'>destiti</span> <span class='ocrx_word' id='word_1_222' title='bbox 1878 4099 1888 4116; x_wconf 7' lang='grc' dir='ltr'>,ἡ</span> 
     </span>
     <span class='ocr_line' id='line_1_23' title="bbox 266 4156 1743 4254; baseline 0.001 -25"><span class='ocrx_word' id='word_1_223' title='bbox 266 4158 329 4230; x_wconf 89' lang='lat' dir='ltr'>hos</span> <span class='ocrx_word' id='word_1_224' title='bbox 363 4162 521 4253; x_wconf 88' lang='lat' dir='ltr'>quinque</span> <span class='ocrx_word' id='word_1_225' title='bbox 555 4183 667 4230; x_wconf 87' lang='lat' dir='ltr'>annos</span> <span class='ocrx_word' id='word_1_226' title='bbox 705 4167 811 4230; x_wconf 89' lang='lat' dir='ltr'>totos.</span> <span class='ocrx_word' id='word_1_227' title='bbox 880 4156 1044 4252; x_wconf 87' lang='lat' dir='ltr'>Suscepit</span> <span class='ocrx_word' id='word_1_228' title='bbox 1078 4167 1116 4229; x_wconf 85' lang='lat' dir='ltr'>et</span> <span class='ocrx_word' id='word_1_229' title='bbox 1149 4159 1335 4229; x_wconf 90' lang='lat' dir='ltr'>biennium</span> <span class='ocrx_word' id='word_1_230' title='bbox 1369 4159 1414 4230; x_wconf 90' lang='lat' dir='ltr'>ab</span> <span class='ocrx_word' id='word_1_231' title='bbox 1447 4159 1531 4232; x_wconf 90' lang='lat' dir='ltr'>hinc</span> <span class='ocrx_word' id='word_1_232' title='bbox 1567 4163 1743 4254; x_wconf 93' lang='lat' dir='ltr'>optimum</span> 
     </span>
     <span class='ocr_line' id='line_1_24' title="bbox 25 4304 1743 4418; baseline 0 -40"><span class='ocrx_word' id='word_1_233' title='bbox 25 4405 26 4418; x_wconf 10' lang='grc' dir='ltr'>ἵ</span> <span class='ocrx_word' id='word_1_234' title='bbox 260 4310 433 4401; x_wconf 87' lang='lat' dir='ltr'>juvenem</span> <span class='ocrx_word' id='word_1_235' title='bbox 462 4309 646 4379; x_wconf 91' lang='lat' dir='ltr'>domiuum</span> <span class='ocrx_word' id='word_1_236' title='bbox 672 4305 855 4378; x_wconf 86' lang='lat' dir='ltr'>Adamum</span> <span class='ocrx_word' id='word_1_237' title='bbox 883 4305 1002 4389; x_wconf 88' lang='lat' dir='ltr'>Eldar,</span> <span class='ocrx_word' id='word_1_238' title='bbox 1028 4307 1184 4399; x_wconf 92' lang='lat' dir='ltr'>primum</span> <span class='ocrx_word' id='word_1_239' title='bbox 1209 4308 1341 4377; x_wconf 85' lang='lat' dir='ltr'>artium</span> <span class='ocrx_word' id='word_1_240' title='bbox 1365 4304 1573 4401; x_wconf 89' lang='lat' dir='ltr'>magistrum</span> <span class='ocrx_word' id='word_1_241' title='bbox 1602 4306 1743 4381; x_wconf 81' lang='lat' dir='ltr'>Parisiis</span> 
     </span>
     <span class='ocr_line' id='line_1_25' title="bbox 25 4454 1742 4554; baseline -0.002 -25"><span class='ocrx_word' id='word_1_242' title='bbox 25 4477 27 4554; x_wconf 69' lang='lat' dir='ltr'>y</span> <span class='ocrx_word' id='word_1_243' title='bbox 267 4465 435 4540; x_wconf 90' lang='lat' dir='ltr'>creatum,</span> <span class='ocrx_word' id='word_1_244' title='bbox 462 4464 500 4527; x_wconf 90' lang='lat' dir='ltr'>et</span> <span class='ocrx_word' id='word_1_245' title='bbox 523 4479 605 4527; x_wconf 91' lang='lat' dir='ltr'>cum</span> <span class='ocrx_word' id='word_1_246' title='bbox 623 4479 666 4526; x_wconf 93' lang='grc'>00</span> <span class='ocrx_word' id='word_1_247' title='bbox 682 4455 797 4526; x_wconf 88' lang='lat' dir='ltr'>bonae</span> <span class='ocrx_word' id='word_1_248' title='bbox 814 4454 943 4525; x_wconf 84' lang='lat' dir='ltr'>indolis</span> <span class='ocrx_word' id='word_1_249' title='bbox 960 4478 1110 4548; x_wconf 90' lang='lat' dir='ltr'>puerum</span> <span class='ocrx_word' id='word_1_250' title='bbox 1129 4456 1314 4525; x_wconf 91' lang='lat' dir='ltr'>dominum</span> <span class='ocrx_word' id='word_1_251' title='bbox 1330 4454 1508 4526; x_wconf 87' lang='lat' dir='ltr'>Joannem</span> <span class='ocrx_word' id='word_1_252' title='bbox 1526 4455 1742 4547; x_wconf 84' lang='lat' dir='ltr'>Capronium</span> 
     </span>
     <span class='ocr_line' id='line_1_26' title="bbox 25 4602 1742 4758; baseline -0.001 -81"><span class='ocrx_word' id='word_1_253' title='bbox 25 4621 27 4758; x_wconf 54' lang='lat' dir='ltr'>p</span> <span class='ocrx_word' id='word_1_254' title='bbox 266 4609 303 4676; x_wconf 92' lang='lat' dir='ltr'>in</span> <span class='ocrx_word' id='word_1_255' title='bbox 319 4604 590 4677; x_wconf 85' lang='lat' dir='ltr'>humanioribus</span> <span class='ocrx_word' id='word_1_256' title='bbox 615 4603 728 4675; x_wconf 87' lang='lat' dir='ltr'>literis</span> <span class='ocrx_word' id='word_1_257' title='bbox 745 4605 838 4675; x_wconf 90' lang='lat' dir='ltr'>bene</span> <span class='ocrx_word' id='word_1_258' title='bbox 855 4604 1045 4674; x_wconf 89' lang='lat' dir='ltr'>emditum.</span> <span class='ocrx_word' id='word_1_259' title='bbox 1097 4602 1283 4706; x_wconf 88' lang='lat' dir='ltr'>Quantum</span> <span class='ocrx_word' id='word_1_260' title='bbox 1300 4611 1452 4696; x_wconf 86' lang='lat' dir='ltr'>uterque</span> <span class='ocrx_word' id='word_1_261' title='bbox 1469 4604 1599 4675; x_wconf 87' lang='lat' dir='ltr'>debeat</span> <span class='ocrx_word' id='word_1_262' title='bbox 1616 4603 1742 4675; x_wconf 88' lang='lat' dir='ltr'>nostris</span> 
     </span>
    </p>
   </div>
   <div class='ocr_carea' id='block_1_3' title="bbox 265 4748 1408 4844">
    <p class='ocr_par' dir='ltr' id='par_1_3' title="bbox 265 4748 1408 4844">
     <span class='ocr_line' id='line_1_27' title="bbox 265 4748 1408 4844; baseline -0.003 -20"><span class='ocrx_word' id='word_1_263' title='bbox 265 4749 371 4825; x_wconf 81' lang='lat' dir='ltr'>mufis</span> <span class='ocrx_word' id='word_1_264' title='bbox 389 4761 427 4824; x_wconf 87' lang='grc'>01</span> <span class='ocrx_word' id='word_1_265' title='bbox 444 4753 548 4824; x_wconf 70' lang='lat' dir='ltr'>redis</span> <span class='ocrx_word' id='word_1_266' title='bbox 565 4753 877 4835; x_wconf 88' lang='lat' dir='ltr'>admonitionibus,</span> <span class='ocrx_word' id='word_1_267' title='bbox 895 4753 1016 4822; x_wconf 85' lang='lat' dir='ltr'>dicent</span> <span class='ocrx_word' id='word_1_268' title='bbox 1035 4748 1135 4844; x_wconf 84' lang='lat' dir='ltr'>(scio)</span> <span class='ocrx_word' id='word_1_269' title='bbox 1153 4749 1279 4822; x_wconf 88' lang='lat' dir='ltr'>melius</span> <span class='ocrx_word' id='word_1_270' title='bbox 1296 4750 1408 4821; x_wconf 87' lang='lat' dir='ltr'>nobis.</span> 
     </span>
    </p>
   </div>
   <div class='ocr_carea' id='block_1_4' title="bbox 0 0 2254 6100">
    <p class='ocr_par' dir='ltr' id='par_1_4' title="bbox 0 0 2254 6100">
     <span class='ocr_line' id='line_1_28' title="bbox 0 0 2254 6100; baseline 0 0"><span class='ocrx_word' id='word_1_271' title='bbox 0 0 2254 6100; x_wconf 95' lang='lat' dir='ltr'> </span> 
     </span>
    </p>
   </div>
  </div>
 </body>
</html>
