4500 6100
467 784 513 849 38
937 772 1186 847 HISTORIA
1210 770 1468 845 ABBATUM

518 972 695 1043 Dominus
720 970 897 1041 Patricius
921 969 1034 1052 Tond,
1060 972 1172 1043 laicus
1196 972 1403 1054 monachus,
1428 969 1492 1062 qni
1515 969 1606 1039 obiit
1628 965 1726 1039 AD.
1756 975 1862 1053 1537,
1888 971 1942 1041 dic

469 1121 607 1192 decimo
625 1116 777 1211 septimo
796 1117 898 1203 Maii,
916 1116 981 1190 sub
997 1118 1159 1193 Rcbcrto
1175 1118 1332 1193 Abbate.

520 1269 697 1339 Dominus
726 1265 881 1337 Thomas
906 1264 1066 1350 Masone,
1094 1268 1156 1359 qui
1181 1290 1297 1361 nuper
1324 1262 1404 1361 post
1428 1267 1573 1360 longam
1602 1264 1865 1359 aegritudinem
1892 1266 1945 1335 die

468 1417 570 1487 lovis
597 1417 736 1487 decimo
769 1422 897 1507 quarto
929 1413 1102 1498 Januarii,
1129 1414 1210 1487 oleo
1238 1415 1461 1487 intirmorum
1488 1422 1528 1485 et
1557 1410 1676 1485 aneo
1708 1415 1948 1506 pomeridiana

469 1568 557 1637 lrcra
573 1534 695 1637 'ferme
722 1565 831 1637 tertia
847 1564 1015 1635 inunttus
1032 1558 1094 1635 est.
1146 1562 1204 1634 Ac
1221 1564 1280 1634 die
1296 1564 1436 1635 decimo
1453 1562 1588 1645 octavo,
1612 1563 1701 1633 hora
1715 1584 1810 1654 pene
1826 1565 1949 1656 quinta

471 1737 576 1785 manc
602 1710 760 1807 ejusdem
786 1707 916 1785 mentis
946 1712 1112 1806 migravit
1137 1711 1183 1783 ad
1209 1709 1418 1783 Dominum.
1469 1708 1557 1805 Egit
1583 1732 1696 1781 anuos
1724 1709 1806 1803 plus
1835 1713 1949 1783 miuus

471 1866 621 1958 triginta
648 1868 810 1954 quatuor.
866 1858 1080 1953 Requiescat
1108 1861 1147 1929 in
1175 1882 1274 1952 pace.
1325 1858 1457 1930 Amen.
1509 1855 1639 1929 Mense
1665 1856 1827 1929 Januarii
1858 1866 1948 1930 1535

473 2010 610 2083 calculo
627 2030 785 2079 romano.
837 2006 922 2079 Fuit
939 2008 994 2077 vir
1009 2005 1094 2079 satis
1109 2001 1295 2077 studiosus.

523 2158 701 2229 Dominus
718 2155 919 2227 Richardus
936 2153 1044 2237 Sand,
1063 2178 1159 2226 nunc
1177 2178 1392 2227 oeconomus
1409 2166 1618 2228 conventus.

524 2304 702 2377 Dominus
718 2302 743 2375 J
744 2303 875 2376 acobus
892 2303 1030 2375 Portar.
1082 2302 1119 2373 Is
1136 2304 1208 2375 fuit
1224 2312 1309 2376 ante
1325 2305 1580 2377 monachatum
1595 2302 1767 2378 sacerdos.

524 2454 702 2525 Dominus
726 2452 881 2525 Thomas
907 2448 1057 2535 Haistie,
1087 2476 1185 2525 nnnc
1210 2455 1248 2525 in
1273 2452 1422 2525 Belloco
1447 2451 1614 2547 superior,
1640 2452 1704 2525 sub
1734 2456 1863 2527 abbate
1893 2454 1953 2527 suo

477 2604 636 2676 Robertc
654 2603 758 2674 Reid.

526 2751 703 2823 Dominus
721 2749 925 2822 Gulielmus
944 2748 1104 2844 Forsytb,
1121 2774 1220 2823 nnnc
1237 2773 1357 2823 comes
1374 2751 1514 2824 abbatis
1529 2749 1583 2821 sui
1600 2750 1752 2822 Roberti
1769 2752 1874 2823 Reid.

526 2900 710 2973 Dominus
727 2897 932 2970 Gulielmus
951 2898 1068 2991 Lyell,
1078 2900 1263 2992 jucundus
1279 2900 1397 2971 homo.

528 3048 706 3120 Dominus
723 3045 888 3118 Adamus
905 3046 1061 3132 Riddall,
1079 3071 1177 3120 nunc
1193 3048 1292 3120 ebori
1308 3046 1505 3121 succentor.

530 3183 706 3269 Dominus
717 3195 957 3268 Archibaldus
970 3195 1171 3281 Braidwod,
1184 3220 1282 3270 nnnc
1293 3199 1520 3293 guardianus,
1535 3195 1596 3271 seu
1609 3199 1813 3274 cellerarius
1829 3207 1957 3296 potins,

480 3346 660 3440 quondam
678 3341 826 3416 Domini
842 3343 1000 3416 'l'hcmac
1016 3345 1158 3416 abbatis
1174 3368 1295 3418 comes
1310 3347 1509 3439 primarius.

531 3493 707 3566 Dominus
721 3490 838 3564 David
852 3491 968 3586 Spens
974 3493 1052 3586 jam
1064 3491 1129 3564 sub
1146 3493 1307 3566 Roberto
1324 3495 1456 3568 abbate
1472 3498 1578 3589 prior,
1592 3500 1647 3568 vir
1658 3500 1805 3572 adultae
1821 3506 1958 3585 aetatis,

485 3643 589 3718 deal.
607 3641 744 3737 Aprilis
761 3641 841 3713 oleo
865 3640 1087 3714 infirmorum
1112 3652 1151 3714 et
1175 3641 1304 3727 sandto,
1321 3643 1409 3715 hora
1425 3646 1550 3718 ostova
1573 3669 1679 3719 mane
1705 3651 1871 3722 iunndtus
1896 3649 1958 3734 est,

483 3819 525 3866 ac
547 3789 804 3875 incrastinum,
828 3791 915 3864 bora
937 3814 1030 3886 pene
1054 3789 1216 3884 septima,
1236 3797 1342 3877 1538,
1365 3794 1533 3888 migravit
1557 3796 1600 3867 ad
1620 3794 1828 3869 Dominum.
1877 3797 1961 3894 Egit

484 3963 595 4012 annos
617 3940 698 4034 plus
723 3942 840 4011 minus
856 3938 1082 4035 septuaginta
1106 3947 1269 4032 quatuor,
1295 3942 1341 4012 de
1357 3965 1507 4034 qnorum
1533 3967 1684 4016 numero
1705 3948 1963 4041 quinquaginta

485 4111 615 4160 novem
632 4089 669 4158 in
685 4089 901 4160 monachatu
914 4089 1117 4182 complevit.
1160 4086 1424 4181 Requiescatin
1440 4114 1538 4184 pace.
1592 4091 1678 4165 Fuit
1696 4096 1751 4165 vir
1767 4105 1869 4167 certe
1886 4100 1962 4190 pins

486 4247 524 4310 et
539 4239 728 4309 humanus.

536 4386 633 4458 Item
653 4390 757 4468 1539,
784 4384 962 4456 Dominus
978 4383 1138 4457 Joanncs
1163 4384 1306 4471 Person,
1333 4385 1498 4461 vicelimo
1522 4388 1624 4464 sexto
1641 4389 1861 4479 Decembris,
1888 4395 1964 4490 post

488 4537 631 4630 longam
650 4543 688 4606 et
706 4535 838 4606 variam
855 4535 1147 4626 aegrotationem,
1165 4538 1333 4631 migravit
1349 4541 1395 4611 ad
1412 4537 1620 4614 Dominum.

664 4768 845 4840 Dournus
871 4766 1079 4841 Rosnnnus
1104 4769 1218 4855 Raro,
1245 4771 1374 4844 Annas
1400 4796 1422 4846 a
1447 4774 1611 4848 Krnnos
1636 4776 1791 4849 XXIII.
1922 4753 1934 4772 ’

541 4976 599 5049 De
615 4976 684 5048 hoc
701 4978 775 5048 viro
793 4979 854 5070 qui
871 4979 970 5062 vivit,
988 4987 1126 5050 etcum
1144 5004 1187 5053 eo
1205 4983 1343 5076 agimus
1367 4983 1599 5068 tamillariter,
1617 4995 1760 5058 tantum
1785 4986 1968 5084 contigua·
