4500 6100
484 737 529 801 aa
965 717 1217 794 HISTORIA
1240 715 1501 794 ABBA'I'UM

485 927 642 1006 fettnm3
668 921 747 996 aliis
764 923 911 992 interim
929 915 1164 992 efferentibus
1179 941 1202 990 e
1217 919 1386 1011 primario
1402 917 1467 988 illo
1483 915 1680 1011 hybernioo
1696 917 1872 989 eoenobio
1888 918 1996 988 dieto

489 1073 699 1146 Mellelont.
751 1070 831 1167 Ego
855 1071 976 1164 potius
1002 1068 1216 1142 erediderim
1240 1067 1339 1138 hune
1356 1064 1570 1138 Anselmum
1596 1061 1774 1162 navigoffe
1790 1068 1829 1138 in
1846 1065 1994 1140 Gallias

488 1249 530 1294 eo
548 1222 667 1298 seculo
693 1245 777 1295 enm
802 1219 946 1294 floreret
964 1217 1080 1292 Divus
1097 1217 1314 1300 Bernardus,
1340 1212 1404 1306 (lie
1429 1218 1527 1288 enim
1551 1223 1699 1288 amnt
1724 1219 1786 1308 qui
1803 1241 1827 1291 a
1842 1217 1995 1310 majori·

490 1377 557 1446 bus
574 1375 816 1466 aeceperunt)
834 1393 944 1464 aquo
961 1366 1146 1461 susceptus
1159 1361 1204 1437 lit
1220 1367 1259 1438 in
1275 1365 1543 1436 monaehatum.
1596 1363 1788 1459 Deineeps,
1801 1367 1867 1438 ubi
1884 1389 1995 1438 aeeo-

490 1521 594 1618 piffet
620 1523 759 1618 Regem
786 1520 906 1595 David
931 1520 970 1590 in
997 1518 1121 1590 Sentit
1145 1515 1264 1588 moliri
1289 1514 1427 1608 aliquot
1452 1535 1563 1586 noras
1587 1512 1833 1609 religiosorum
1859 1514 1995 1584 funda·

491 1677 619 1757 tiones,
645 1664 849 1765 impetrall'e
874 1692 921 1742 ex
939 1667 1034 1740 Divo
1053 1666 1238 1738 Bemardo
1255 1673 1298 1738 ut
1314 1686 1397 1735 oum
1422 1662 1561 1756 aliquot
1585 1661 1707 1736 Seotis
1729 1664 1916 1735 monachis
1941 1663 1992 1734 ad

495 1822 635 1894 Meiros
651 1822 870 1894 mitteretur.

577 2265 761 2339 Douruus
779 2262 976 2346 Annaeus,
1288 2315 1298 2344 ‚
1324 2262 1456 2334 Aonas
1472 2283 1496 2334 s
1514 2259 1678 2334 Kentos
1693 2259 1911 2344 Snommus,

983 2412 1087 2485 Obiit
1105 2410 1216 2483 Anno
1234 2409 1383 2482 Domini
1403 2415 1509 2488 1189.

552 2711 656 2784 Nihil
672 2709 847 2784 habemus
864 2711 909 2781 de
925 2709 995 2780 hoe
1012 2711 1098 2792 viro,
1124 2717 1376 2802 praeterquam
1400 2707 1593 2782 relationes
1610 2717 1775 2780 veterum
1792 2717 1831 2780 et
1847 2709 1986 2782 famam.

502 2862 645 2947 Quotus
662 2859 781 2940 inerit,
800 2865 838 2930 et
855 2858 1009 2951 quando,
1035 2859 1241 2952 ignoramus
1265 2859 1424 2929 omnino.
1475 2857 1516 2930 si
1541 2865 1666 2930 tamen
1681 2879 1768 2930 rere
1791 2854 1876 2930 sunt
1900 2879 1987 2952 quae

504 3011 550 3081 de
567 3031 610 3081 eo
628 3015 828 3091 narrantur,
847 3015 992 3101 oportet
1009 3027 1094 3079 eum
1111 3004 1215 3079 fuille
1239 3007 1336 3079 inter
1360 3007 1510 3080 abbates
1525 3005 1721 3081 seeundum
1739 3007 1799 3081 vel
1823 3011 1987 3081 tertium:

504 3161 557 3231 ita
573 3180 638 3229 nos
655 3159 702 3230 ab
718 3156 962 3231 aedilitiorum
975 3152 1165 3241 vetustate,
1184 3167 1222 3228 et
1238 3156 1318 3229 aliis
1334 3156 1511 3252 plerisque
1527 3160 1751 3252 oonjetturie,
1769 3160 1989 3233 arbitramur.

507 3308 663 3378 Putatur
679 3301 802 3379 vixille
819 3308 858 3377 in
874 3306 990 3378 officio
1008 3329 1120 3378 annos
1139 3313 1196 3377 32.

555 3456 593 3529 Is
609 3459 765 3552 primum
783 3458 943 3528 extindo
961 3436 1107 3529 Abbate
1124 3454 1298 3528 Anselmo
1323 3479 1471 3527 manum
1488 3459 1659 3543 admovit,
1677 3467 1719 3530 ut
1737 3482 1781 3530 ee
1796 3459 1989 3551 perficeret

508 3630 599 3700 quae
630 3606 713 3678 Rex
742 3604 862 3678 David
891 3607 1047 3685 moriens
1081 3604 1283 3677 inabsoluta
1314 3607 1594 3699 imperfettaque
1627 3607 1832 3700 reliquerat,
1861 3605 1991 3679 scilieet

510 3767 630 3836 totam¹
660 3757 798 3839 faeiem,
834 3778 917 3827 eum
952 3756 1047 3827 bona
1080 3764 1184 3848 parte
1218 3758 1329 3840 naris,
1364 3751 1597 3851 augustiffimi
1631 3756 1760 3850 templi
1789 3781 1812 3830 a
1844 3756 1991 3851 Kynlos

376 3958 377 3962 ,
512 3904 632 3998 Hujus
666 3908 776 3977 etiam
811 3928 927 3998 opero,
962 3928 984 3975 a
1018 3905 1264 3976 fundamentis
1297 3901 1380 3998 iplis
1423 3907 1622 3978 excitatum
1659 3902 1713 3977 est
1746 3904 1993 4001 amplillimum

512 4054 749 4136 semitonium,
784 4054 882 4145 quod
907 4062 946 4125 et
971 4076 1068 4125 nuno
1093 4055 1133 4124 in
1157 4049 1312 4125 elaustro
1338 4050 1472 4125 vilitur.

564 4200 684 4295 Hujus
702 4203 829 4295 optimi
856 4202 922 4272 viri
939 4196 1010 4273 olla
1032 4199 1174 4295 sepulta
1192 4203 1318 4294 Jaeent
1343 4205 1439 4276 inter
1464 4201 1589 4277 sedilia
1613 4200 1766 4289 claustri,
1792 4204 1859 4278 sub
1882 4206 1996 4300 lapide

514 4351 707 4446 praelongo
735 4360 774 4423 et
801 4352 950 4423 minime
977 4347 1125 4445 signato,
1153 4353 1317 4444 proxime
1343 4354 1388 4425 ad
1417 4350 1539 4424 sedem
1567 4353 1645 4446 ejus
1678 4352 1831 4449 religion
1866 4357 1997 4448 quiex

516 4502 631 4573 officio
662 4500 940 4573 hebdomadario
966 4496 1045 4595 post
1079 4523 1228 4573 coenam
1256 4510 1343 4573 ante
1372 4501 1649 4595 completorium
1676 4500 1812 4577 aestivo
1839 4512 1998 4600 tempore

517 4648 671 4723 landam
697 4652 886 4724 lettionem
912 4653 1135 4725 concinendo
1159 4651 1324 4747 perlegit.

570 4800 663 4871 Cum
681 4802 846 4892 nequiret
864 4801 1029 4873 dominus
1047 4798 1223 4885 Andreas,
1249 4808 1392 4873 mortuo
1418 4801 1520 4897 Rege
1550 4800 1679 4888 David,
1705 4827 1771 4897 par
1793 4799 1863 4876 elle
1879 4812 2002 4877 tantae

521 4948 723 5019 fundationi
740 4972 762 5021 a
779 4947 930 5042 Kynlos
948 4971 1021 5020 non
1040 4945 1180 5021 destitit
1206 4948 1443 5023 Maloolmum
1467 4950 1607 5049 Regem
1623 4954 1669 5026 ad
1691 4954 1728 5026 id
1745 4956 1863 5049 operis
1890 4952 2003 5027 soliei·
