4500 6100
673 753 1003 829 MONASTERII
1029 754 1067 828 A
1093 753 1320 827 KYNLOS.
1700 751 1746 819 63

265 950 354 1019 inter
371 950 559 1034 orandum,
577 950 695 1023 nescio
712 954 799 1045 quid
816 976 987 1047 magnum
1004 955 1076 1025 iarn
1092 962 1173 1023 turn
1190 952 1236 1023 de
1252 950 1425 1044 religione
1442 956 1480 1019 et
1493 948 1598 1039 huius
1610 946 1679 1017 loci
1692 946 1747 1017 in·

265 1108 445 1169 cremento
463 1096 556 1171 visus
573 1098 636 1184 est,
659 1100 740 1173 Deo
764 1100 822 1191 (ut
844 1098 958 1195 ipsum
976 1100 1151 1173 Thomam
1175 1102 1391 1171 referentem
1417 1096 1552 1189 audivi)
1577 1096 1746 1189 propicio,

266 1249 460 1339 concipere.
500 1247 700 1320 Plurimum
717 1251 946 1323 recreabatur
962 1252 999 1323 in
1016 1250 1144 1342 templi
1160 1248 1350 1343 magnifica
1365 1244 1548 1329 stmstura
1566 1254 1746 1317 eteorum

265 1416 353 1485 qnae
370 1395 446 1467 illic
472 1394 633 1467 visuntur
658 1398 704 1469 ed
729 1420 805 1469 rem
829 1395 962 1470 sacrem
987 1399 1187 1471 faciendam
1204 1420 1277 1468 non
1299 1392 1501 1491 irreligiose
1551 1393 1746 1465 Arridebat

264 1538 409 1613 subinde
436 1555 474 1615 et
498 1546 616 1639 imago
647 1545 847 1618 Servatoris
872 1549 909 1617 in
935 1570 1040 1618 cruce
1064 1546 1265 1639 pendentis,
1291 1554 1334 1616 ut
1362 1568 1406 1616 ea
1435 1545 1481 1614 de
1509 1566 1548 1615 re
1577 1540 1682 1614 facile
1706 1542 1745 1611 in

263 1691 420 1761 animum
446 1691 630 1763 induxerit
654 1691 757 1765 suum
782 1691 819 1765 se
844 1691 939 1787 polle
965 1690 1238 1788 auspicatissimo
1262 1693 1336 1765 illic
1361 1694 1491 1763 vivere.
1541 1689 1641 1761 Dum
1657 1688 1746 1761 talia

264 1840 421 1923 miratur,
445 1841 581 1933 aliquot
598 1865 645 1913 ex
661 1842 849 1915 sodalitate
864 1843 929 1915 illa
945 1854 1073 1937 patres,
1101 1844 1230 1935 quibus
1246 1838 1385 1937 singula
1401 1843 1439 1912 in
1456 1863 1499 1912 eo
1516 1841 1665 1934 negocio
1682 1838 1744 1909 ab·

264 1986 322 2059 bas
355 1990 511 2081 primum
548 1986 769 2084 significarat,
808 2013 892 2063 eum
925 1985 1174 2063 humanissime
1208 1986 1413 2081 suscipiunt,
1446 1997 1486 2060 et
1518 1987 1745 2059 admirabun-

261 2136 345 2207 dnm
364 2160 385 2207 a
402 2139 564 2209 novitate
581 2149 618 2209 et
636 2134 818 2233 congressu
834 2136 1012 2209 seniorum
1029 2140 1163 2231 jubent
1179 2134 1249 2210 else
1265 2138 1361 2209 bono
1378 2147 1417 2209 et
1435 2139 1585 2210 infrasto
1602 2138 1743 2220 auimo;

260 2306 326 2354 nec
358 2294 523 2357 vereatur
557 2286 713 2379 (rogant)
744 2288 788 2357 de
822 2287 962 2358 abbatis
995 2281 1179 2379 promissis,
1213 2294 1427 2379 accepturus
1459 2288 1570 2358 etiam
1598 2285 1742 2378 majora

260 2429 410 2503 Diceree
433 2432 510 2525 jam
541 2444 620 2504 tum
650 2456 893 2526 eorumquae
922 2436 1016 2507 faita
1040 2432 1123 2505 sunt
1152 2429 1274 2527 postea
1302 2456 1375 2503 non
1405 2432 1486 2504 leve
1510 2430 1743 2527 praesagium.

259 2580 319 2651 Ita
335 2582 381 2652 ad
404 2580 442 2653 se
463 2578 591 2675 singuli
617 2584 804 2675 rapiebant
819 2581 1004 2665 Thomam,
1027 2589 1070 2653 ut
1095 2579 1231 2654 nescias
1254 2604 1301 2653 an
1326 2580 1441 2673 ipsum
1466 2582 1741 2653 fortunatiorem

259 2730 320 2821 qui
337 2729 427 2803 adeo
452 2726 597 2801 festivos
619 2740 657 2801 et
682 2731 855 2825 benignos
880 2740 1001 2824 patres
1025 2730 1260 2813 adinvenerit,
1285 2752 1332 2801 an
1357 2728 1438 2800 illos
1463 2727 1639 2800 feliciores
1664 2732 1742 2821 qui·

259 2876 325 2947 bus
350 2886 454 2949 tanta
478 2887 625 2969 tamque
641 2876 798 2971 speftata
821 2878 943 2950 indole
969 2880 1161 2973 contigerit
1176 2877 1391 2950 adolescens.
1435 2877 1542 2949 lllinc
1567 2878 1740 2950 deduscns

259 3022 311 3098 est
322 3028 374 3098 'ad
390 3026 557 3098 abbatem
575 3027 633 3098 cui
650 3048 723 3098 non
740 3023 954 3120 iuspescatus
971 3028 1176 3100 advenerat.
1226 3024 1285 3098 Ac
1301 3021 1380 3120 post
1396 3027 1534 3120 aliquot
1551 3028 1638 3111 dies,
1656 3051 1739 3100 cum

259 3175 373 3248 altero
399 3177 455 3246 cui
481 3197 613 3245 nomen
639 3183 716 3246 erat
739 3174 873 3248 Joanni
900 3174 1078 3257 Riohardi,
1103 3171 1218 3248 sacras
1244 3175 1347 3268 (quas
1364 3179 1510 3270 vocant)
1536 3172 1652 3250 vestes
1676 3201 1740 3272 per

259 3322 425 3394 abbatem
451 3323 590 3394 oblatas
616 3324 755 3394 induit:
786 3324 845 3394 die
870 3324 1038 3394 nimirum
1064 3322 1287 3417 Epiphaniae
1312 3326 1358 3395 ab
1383 3321 1524 3396 Christo
1540 3334 1627 3397 nato
1643 3349 1737 3398 anno

258 3467 444 3542 millesimo
460 3467 807 3565 quadringentesimo
824 3467 1061 3565 ostuagesrmo
1077 3468 1239 3563 septimo.

307 3619 435 3691 Fabius
452 3621 662 3692 candidatus
688 3614 928 3690 Cistereiensrs
954 3614 1120 3702 instituti,
1148 3619 1264 3690 acrins
1293 3617 1410 3688 multo
1438 3641 1548 3710 qnam
1573 3620 1661 3692 alias
1682 3619 1736 3691 sui

257 3769 389 3862 ingenii
419 3769 511 3838 vires
540 3770 577 3837 in
607 3765 795 3838 ediscendo
824 3768 1030 3837 memoriter
1058 3762 1234 3858 psalterio,
1263 3765 1416 3858 hymnis,
1444 3767 1603 3850 canticis,
1632 3776 1671 3838 et
1697 3769 1735 3839 id

256 3937 369 4008 genua
385 3915 464 3984 aliis
480 3916 651 3986 exercuit.
703 3914 780 3987 Vix
798 3915 920 3986 eredas
944 3913 1119 4006 quantulo
1137 3923 1299 4006 tempore
1315 3913 1353 3984 id
1370 3913 1466 4005 quod
1482 3913 1644 4008 plerique
1660 3939 1733 3987 non

256 4062 389 4133 infelici
418 4063 562 4155 ingenio
587 4059 857 4144 consueverunt,
887 4063 1079 4134 memoriae
1108 4062 1377 4136 commendarit.
1428 4061 1565 4136 Obiere
1590 4086 1732 4158 quoque

255 4213 312 4284 die
329 4211 386 4301 (ut
403 4212 522 4301 audio)
541 4233 653 4282 unum
670 4209 827 4304 psalterii
844 4211 1055 4282 nostumum
1080 4207 1143 4282 suo
1159 4213 1198 4282 iu
1214 4211 1271 4283 his
1287 4236 1380 4306 quae
1395 4216 1442 4286 de
1457 4213 1629 4308 religione
1649 4213 1732 4287 sunt

255 4361 446 4441 forrnatori,
479 4360 548 4429 hoc
581 4354 643 4441 est,
678 4359 823 4430 domino
856 4358 1011 4430 Patricio
1046 4358 1189 4431 Wilson
1225 4363 1434 4433 memoriter
1469 4365 1728 4454 pronunciavit.

109 4586 112 4592 ,
254 4504 352 4577 Hinc
377 4505 545 4599 colligere
565 4505 644 4596 quis
668 4503 786 4597 potest
811 4508 896 4596 quid
921 4503 1138 4598 praestiterit
1162 4510 1201 4579 iu
1220 4507 1367 4600 reliquis
1391 4509 1454 4599 qui
1478 4509 1567 4578 adeo
1592 4511 1630 4580 in
1649 4533 1729 4604 gra·

254 4653 408 4725 rioribus
437 4654 617 4747 egreguam
646 4655 830 4725 novaverit
859 4675 1013 4744 operam.
1077 4653 1257 4728 Revolnto
1285 4677 1390 4738 anno,
1417 4655 1477 4726 die
1504 4655 1630 4726 eadem
1657 4681 1729 4751 qua

253 4797 420 4872 detonsus
436 4801 591 4894 primum
608 4800 687 4884 fuit,
704 4801 898 4894 publicitus
914 4803 952 4872 in
969 4799 1105 4892 templo
1122 4822 1294 4871 unacum
1311 4801 1450 4899 collega
1465 4801 1527 4876 suo
1543 4811 1726 4902 conceptis
1770 4885 1774 4894 ,

254 4947 370 5020 verbis
396 4971 439 5018 ex
467 4967 565 5018 more
583 4949 620 5018 iu
638 4947 919 5020 observationem
945 4947 1201 5018 Benedietinae
1225 4949 1370 5042 regulae
1395 4950 1542 5045 aliisque
1567 4953 1724 5046 ejusdem
