4500 6100
520 777 541 840 8
986 765 1235 839 HISTORIA
1260 762 1521 838 ABBATUM

517 966 789 1048 incommodare,
807 962 872 1037 nifi
888 963 1008 1036 secum
1025 965 1142 1036 bonae
1155 961 1232 1056 spai
1247 961 1533 1036 adolescentulos
1549 965 1589 1034 in
1605 962 1815 1034 barathrum
1827 963 2002 1033 vitiorum

518 1115 713 1206 protrudat.
764 1113 904 1187 Verum
926 1117 988 1207 qui
1014 1111 1257 1206 hujuscemodi
1280 1105 1484 1206 imposturis
1500 1113 1664 1184 hominen
1680 1110 1814 1183 fallunt
1838 1133 2002 1184 corrum-

518 1270 645 1354 pentes
662 1285 753 1355 quae
768 1259 864 1335 sacra
888 1264 1099 1357 integraque
1124 1263 1277 1345 fucrant,
1304 1284 1378 1332 non
1403 1260 1578 1356 effugient
1603 1260 1739 1333 domini
1749 1262 1941 1356 judicium,
1958 1264 2001 1330 in

519 1435 590 1502 quo
615 1413 724 1496 dicit;
750 1409 776 1483 s1
802 1413 881 1505 quic
905 1413 1109 1505 praebuerit
1134 1407 1272 1506 pusillis
1294 1407 1366 1483 suia
1391 1409 1660 1492 offendiculum,
1685 1411 1856 1502 expedire
1880 1412 1999 1504 magis

517 1572 559 1631 ut
576 1563 615 1643 is,
634 1561 731 1634 mola
742 1557 891 1634 asinaria
907 1563 952 1632 ad
969 1561 1102 1633 collum
1115 1557 1288 1656 suspensi,
1302 1563 1340 1632 in
1353 1560 1573 1655 profundum
1584 1567 1778 1656 mergatur.
1817 1558 1893 1632 Sed
1909 1559 1999 1633 aliae

423 1725 425 1732 “
517 1711 609 1780 forte
622 1710 766 1782 dabitur
777 1711 878 1782 locus
891 1713 1133 1804 opportunior,
1143 1712 1189 1783 ad
1201 1707 1402 1804 hujusmodi
1414 1709 1602 1781 hominum
1612 1731 1730 1782 morea
1740 1710 1997 1804 depingendoa,

517 1859 817 1950 quemadmodum
840 1867 1034 1928 merentur.
1086 1858 1208 1943 Nunc,
1231 1859 1328 1951 quod
1350 1860 1530 1952 reliquum
1547 1857 1613 1943 est,
1630 1881 1789 1954 agamua
1839 1857 1996 1930 Labore·

517 2029 597 2076 mue
615 2008 653 2076 in
666 2028 856 2077 commune
868 2027 1002 2090 omnes,
1016 2027 1141 2078 eorum
1156 2007 1289 2080 imitari
1303 2005 1452 2102 vestigia
1468 2009 1529 2099 qui
1546 2017 1585 2079 at
1602 2011 1700 2080 ritae
1711 2005 1945 2080 sanctimonia
1955 2019 1995 2078 ct

517 2157 717 2227 eruditione
734 2178 807 2226 non
824 2155 972 2250 vulgari,
990 2179 1063 2227 non
1079 2164 1225 2230 tantm
1240 2153 1303 2228 suo
1319 2154 1449 2240 seculo,
1467 2180 1593 2228 verum
1617 2159 1730 2230 etiam
1754 2159 1825 2229 toti
1849 2155 1996 2251 posteri-

517 2307 585 2376 cati
612 2299 734 2376 vixisse
760 2327 891 2400 magno
917 2327 999 2376 oum
1025 2305 1132 2379 laude
1156 2305 1330 2377 videmus.
1381 2304 1431 2376 Et
1448 2307 1507 2376 cui
1528 2315 1700 2400 negatum
1719 2303 1773 2378 est
1788 2308 1835 2379 ab
1851 2309 1994 2401 ingenio

516 2450 754 2549 philosophiae
764 2449 981 2528 abstrusiorie
994 2452 1162 2551 mysteria
1175 2465 1374 2550 penetrare,
1384 2455 1430 2526 ad
1447 2454 1619 2526 moralem
1637 2457 1796 2539 accedat,
1813 2479 1921 2549 quam
1937 2459 1995 2528 hic

517 2628 581 2677 noa
598 2613 769 2698 tanquam
786 2606 1023 2678 benevivendi
1041 2605 1233 2678 formulam
1258 2614 1448 2699 tantopere
1472 2605 1776 2676 commendamur.
1824 2605 1879 2678 Ea
1895 2616 1995 2700 patet

517 2765 555 2825 ct
588 2754 721 2847 ubique
751 2751 804 2825 cst
834 2757 948 2839 obvia,
977 2751 1050 2827 srvc
1079 2762 1205 2848 poetae
1235 2753 1389 2836 evolvas,
1416 2750 1490 2825 sive
1520 2763 1701 2838 oratoraa;
1734 2752 1795 2826 sed
1824 2753 1994 2848 nusquam

516 2905 672 2996 apertior
683 2911 721 2976 et
731 2905 860 2976 nudior
870 2927 978 2996 quam
991 2907 1029 2974 in
1039 2900 1203 2986 historiis,
1213 2904 1276 2974 nbi
1286 2901 1485 2996 promiscue
1497 2904 1664 2975 omnibus
1676 2901 1993 2998 expolitavidetur.

517 3052 598 3125 Illic
615 3049 760 3126 consilia
782 3049 1007 3146 rationesque
1032 3054 1176 3126 vivendi
1201 3075 1336 3136 omnes,
1353 3076 1470 3125 morea
1492 3055 1615 3137 bonos,
1634 3049 1874 3149 institutaque
1886 3060 1995 3152 majo-

516 3225 596 3272 rum
623 3205 764 3275 intuere
792 3202 890 3275 licet.
943 3202 1089 3287 Quanta
1117 3200 1163 3274 fit
1185 3211 1418 3297 tyrannorum
1447 3202 1645 3288 insolentia,
1673 3202 1846 3299 nusquam
1872 3209 1994 3300 depre-

515 3354 661 3437 hendes,
684 3349 748 3424 nisi
776 3350 957 3425 historiam
982 3353 1119 3449 legeris.
1173 3352 1255 3425 Nec
1276 3355 1355 3446 quis
1377 3356 1498 3425 exitus
1527 3354 1637 3425 fucrit
1659 3352 1847 3450 sacrilegia,
1868 3354 1994 3452 malla·

515 3504 661 3587 toribus,
688 3504 822 3598 piratis,
850 3504 1046 3587 homicidis,
1076 3504 1259 3587 adulteris,
1289 3513 1327 3573 ct
1355 3500 1598 3596 hujuscemodi
1628 3502 1802 3575 scelerum
1828 3502 1994 3577 ministris

514 3654 648 3747 poteria
660 3652 858 3749 agnoscere,
873 3648 898 3724 fi
911 3650 1134 3725 historiarum
1149 3652 1337 3724 lebticnem
1351 3663 1571 3725 contemnas.
1607 3642 1754 3736 Quanta
1765 3658 1993 3726 veneratione

515 3803 612 3896 digni
630 3797 699 3873 sint
716 3826 818 3899 reges
843 3804 976 3896 quique
1001 3803 1128 3897 optimi
1154 3812 1192 3873 ct
1217 3801 1436 3895 reipublicae
1461 3798 1698 3895 magistratus,
1715 3800 1789 3875 sola
1805 3805 1913 3875 docet
1927 3804 1994 3875 his-

375 4007 377 4009 .
514 3954 626 4024 toria:
651 3953 777 4044 inqua
799 3948 1005 4047 consignata
1025 3962 1174 4024 manent
1191 3953 1360 4045 quicquid
1377 3948 1523 4044 usquam
1540 3946 1593 4022 est
1608 3947 1789 4047 gestorum
1806 3954 1995 4025 ditiorum·

515 4124 585 4192 que
602 4100 807 4172 celebrium.
838 4100 944 4184 Quod
963 4102 1106 4171 initium
1126 4102 1237 4171 fucrit
1249 4099 1425 4194 religioni,
1439 4123 1531 4193 quae
1543 4102 1767 4175 incrementa
1779 4098 1992 4184 accesserint,

515 4261 553 4321 et
580 4251 709 4344 quibua
736 4246 906 4342 auspiciis,
936 4249 993 4319 vel
1020 4252 1057 4319 in
1078 4246 1226 4321 historia
1241 4246 1492 4342 conscriptum,
1510 4249 1569 4320 vel
1586 4245 1761 4342 nusquam
1777 4251 1993 4323 adinvenias.

516 4400 589 4473 Sed
606 4401 692 4494 quid
708 4396 846 4495 singula
862 4396 1060 4492 prosequor,
1079 4396 1152 4469 sola
1167 4395 1312 4470 historia
1337 4408 1480 4471 tantum
1497 4401 1594 4470 inter
1608 4397 1645 4470 se
1668 4400 1832 4472 homines
1857 4402 1995 4473 differre

516 4552 611 4633 facit,
628 4560 670 4621 nt
686 4550 752 4621 hoa
776 4548 900 4621 laudes
927 4548 972 4620 ab
998 4549 1222 4641 experientia
1238 4550 1514 4641 cognitionequc
1530 4548 1742 4641 multiplici:
1773 4548 1854 4622 illos
1873 4562 1994 4623 autem

516 4703 697 4795 vituperes
722 4700 767 4773 ab
790 4701 1023 4795 ignoratione,
1041 4700 1192 4793 perinde
1207 4707 1317 4791 atquc
1342 4720 1426 4769 vere
1446 4696 1536 4770 nihil
1558 4694 1757 4792 poilidcant
1781 4710 1996 4795 quapropter

514 4851 677 4921 hominen
702 4850 876 4933 dicantur,
907 4844 935 4921 sl
968 4850 1075 4921 modo
1102 4850 1299 4921 humanam
1323 4848 1476 4919 sormam
1502 4844 1706 4943 dempseris.
1758 4846 1882 4942 Usque
1907 4850 1995 4921 adeo

516 4994 703 5092 desipiunt,
730 5000 767 5069 in
792 4996 976 5093 republica
1000 4998 1058 5069 vel
1085 5000 1195 5071 etiam
1221 5000 1259 5068 in
1285 5020 1323 5069 re
1349 4996 1515 5071 familiari
1539 4998 1783 5093 gubernanda,
1809 5006 1852 5069 ut
1876 5002 1995 5071 minuc

2227 860 2229 969 l

2204 272 2222 737 l

2215 770 2230 1243 l
