4500 6100
696 763 1030 838 MONASTERII
1056 763 1093 835 A
1120 763 1345 836 KYNLOS.
1711 774 1753 837 31

274 969 489 1054 praeventus
502 969 619 1032 morte
632 963 839 1034 inuhoutum
853 985 941 1056 opus
953 958 1136 1034 suoeeffori
1153 960 1472 1033 consummandum
1484 959 1640 1051 reliquit.
1680 961 1758 1032 Sub

276 1112 343 1182 hoo
361 1109 508 1182 Abbote
525 1110 618 1181 vixit
634 1109 745 1182 loious
763 1111 906 1202 quidam
932 1111 1139 1192 monachus,
1164 1112 1223 1180 uui
1248 1131 1380 1179 nomen
1404 1109 1475 1179 suit
1497 1106 1646 1203 Hugoni
1664 1109 1757 1180 Beli.

276 1257 395 1352 Hujus
410 1259 476 1328 viri
490 1279 597 1350 opera
613 1260 753 1330 invottu
769 1255 822 1330 est
837 1260 955 1354 imogo
971 1258 1147 1352 sculptilis
1163 1257 1202 1330 S.
1217 1255 1408 1329 Michaelis
1423 1279 1517 1349 quoe
1533 1260 1643 1329 otiam
1661 1281 1757 1329 nune

277 1409 312 1477 in
331 1407 459 1478 eodem
476 1401 601 1476 rifitur
624 1404 761 1478 saoelio.
813 1407 912 1478 Tulit
929 1417 967 1479 ot
984 1409 1072 1480 duos
1097 1429 1228 1501 coppos
1252 1406 1411 1478 ceruleus
1435 1408 1480 1478 do
1504 1403 1623 1500 byffo:
1648 1417 1759 1500 utque

277 1559 408 1626 vitrum
434 1553 579 1626 fenestri
604 1557 747 1648 majoris
771 1558 810 1626 in
835 1558 925 1630 faeie
950 1557 1077 1651 tnrnpli
1094 1582 1116 1630 1
1132 1555 1283 1650 Kynloo.
1336 1555 1413 1626 Sub
1436 1558 1506 1628 hoo
1522 1557 1671 1628 Abbute
1690 1555 1756 1629 rofi

277 1703 357 1774 sunt
384 1705 549 1774 dominus
572 1703 732 1775 Jounnos
758 1703 821 1788 Le,
848 1707 1012 1777 dominus
1037 1705 1198 1778 Jounnes
1222 1705 1369 1788 Baxten
1396 1702 1458 1776 suo
1483 1714 1646 1799 tompore
1674 1731 1771 1807 cau-0

282 1863 339 1922 tor
355 1853 463 1935 chori,
490 1853 655 1922 dominus
680 1851 791 1922 Alex¹
814 1852 1019 1947 Cumming,
1045 1855 1106 1944 qui
1131 1855 1231 1947 pingi
1253 1855 1393 1924 curavit
1410 1850 1578 1924 snoollum
1605 1853 1757 1948 Magdo-

278 2001 386 2084 lenes,
416 1999 521 2090 (obiit
537 1997 601 2070 sub
618 1999 756 2071 'l'homu
780 2000 927 2072 Abbnto
955 2008 1059 2086 1517,
1087 2005 1146 2074 die
1174 2007 1220 2072 18
1250 2000 1462 2072 Decembris
1474 2003 1500 2093 3)
1525 2011 1564 2072 ot
1589 2003 1756 2074 domiuus

279 2148 484 2220 Gulielmus
503 2146 714 2231 Morohund,
741 2157 868 2220 ountor
883 2149 991 2233 chori,
1009 2152 1069 2241 qui
1087 2149 1208 2243 pbiulu
1223 2159 1395 2243 argenteo
1410 2157 1449 2219 et
1462 2151 1600 2220 duabus
1616 2147 1754 2232 casulis,

280 2319 352 2368 unu
369 2292 519 2389 byffiniu
534 2296 703 2390 palmato,
721 2297 835 2370 ultera
858 2321 1034 2392 porraceo,
1060 2296 1230 2369 suoellum
1254 2298 1329 2368 diri
1355 2297 1543 2368 Laurentii
1559 2299 1756 2379 adornavit,

280 2443 383 2534 (obiit
403 2450 507 2526 1520,
525 2445 727 2537 penultimo
743 2445 870 2517 Martii
887 2445 952 2518 sub
964 2447 1101 2517 'Pnomo
1115 2445 1287 2538 Abbate).
1413 2446 1492 2518 Sub
1509 2445 1628 2516 Eileoi
1646 2449 1756 2517 etium

280 2603 444 2686 receptus
460 2594 627 2665 ¹dominus
651 2594 856 2666 Gulielmus
881 2595 1020 2678 Oulros,
1046 2593 1169 2688 postea
1193 2593 1318 2666 Abbuo
1343 2590 1521 2687 professus,
1549 2596 1668 2664 denuo
1692 2592 1756 2664 sub

279 2740 414 2812 Jacobo
431 2741 607 2835 Guthery‚
626 2765 708 2814 oum
725 2767 790 2836 per
805 2753 959 2815 mortem
975 2743 1126 2814 ioannis
1152 2742 1282 2826 Ellam,
1308 2753 1451 2814 tuntum
1468 2746 1508 2814 in
1525 2765 1634 2848 11111111
1654 2742 1757 2836 supe-

279 2893 387 2973 rioris,
423 2891 610 2965 Beneditti
644 2893 804 2987 reguiam
839 2890 1016 2965 custodire
1050 2890 1208 2963 voviffot.
1271 2889 1349 2963 Sub
1383 2891 1452 2964 hoo
1482 2892 1630 2964 Abbote
1664 2895 1757 2962 vixit

282 3041 444 3111 dominus
460 3039 619 3113 Joonnes
638 3040 748 3126 Man,
768 3045 822 3114 vir
841 3041 910 3133 (nti
927 3043 1055 3137 fertur)
1073 3045 1194 3137 magni
1209 3043 1356 3126 roboris,
1374 3049 1413 3113 et
1430 3041 1609 3113 Strothiiii
1626 3038 1756 3113 custos.
1821 3052 1826 3060 '

454 3274 636 3346 Domnus
661 3274 830 3349 Juconus
858 3278 1065 3360 (1111111111,
1092 3277 1222 3347 Annus
1248 3298 1269 3346 1
1296 3277 1459 3349 Krunos
1484 3274 1595 3346 XIX.

538 3409 660 3483 Homo
676 3415 770 3486 beno
787 3415 911 3484 11οὸ1111
928 3416 966 3483 in
982 3437 1022 3484 ro
1038 3412 1265 3508 Theologiuu.
1317 3412 1419 3484 Obiit
1440 3420 1495 3490 17.

686 3551 770 3622 Κ11.
789 3549 926 3642 Aprilis
944 3549 1053 3619 Anno
1072 3548 1220 3619 Domini
1240 3554 1345 3618 1489.

336 3767 374 3839 Is
394 3766 573 3859 quondum
600 3765 670 3835 fuit
696 3759 860 3833 cellarius
886 3758 1006 3851 Cupri.
1070 3755 1243 3850 Sepultus
1267 3752 1321 3827 ost
1345 3758 1383 3825 in
1409 3756 1527 3828 viculo
1552 3782 1575 3829 1
1601 3757 1758 3850 Forfoyr.

285 3916 410 3987 Erexit
428 3915 486 3986 hio
503 3911 682 3985 stabulum
693 3930 875 4002 equorum,
893 3898 955 3977 ubi
969 3908 1122 4000 primuni
1137 3902 1268 3977 arserat
1283 3906 1410 3975 domus
1426 3904 1585 3977 abbatis:
1611 3907 1707 3997 quod
1720 3915 1759 3977 ot

287 4088 400 4159 nuper
416 4060 510 4136 urfit.
562 4061 635 4133 Hio
652 4062 689 4131 in
706 4056 768 4129 sua
784 4051 986 4127 rifitotione
998 4080 1020 4127 1
1033 4054 1160 4125 Culros
1173 4057 1292 4148 ooegit
1308 4052 1405 4124 illius
1418 4054 1487 4125 looi
1500 4052 1683 4127 Abbotem
1697 4056 1759 4124 do·

286 4216 423 4285 minum
441 4210 660 4283 Riohurdum
679 4203 873 4277 Morsohell
891 4205 937 4274 ob
950 4205 1046 4275 ritae
1059 4204 1320 4296 turpitudinem
1333 4204 1432 4274 ubire
1443 4198 1662 4296 magistratu.
1697 4203 1759 4273 Ad

286 4356 390 4453 hujus
408 4357 563 4429 Abbutis
581 4356 793 4427 elettionem
818 4352 972 4446 praefuit
998 4350 1124 4422 Abbus
1142 4375 1163 4422 1
1179 4350 1299 4443 Cupro
1325 4351 1490 4421 domiuus
1507 4350 1625 4421 David
1646 4349 1759 4434 Bone,

287 4510 339 4579 vir
356 4509 480 4579 11οᾶ111
497 4514 535 4576 et
552 4499 712 4575 visitator
728 4511 817 4573 tuno
833 4498 886 4571 sui
904 4500 1036 4570 ordinis
1062 4521 1126 4591 per
1143 4495 1341 4569 universum
1359 4496 1502 4567 Sootiue
1527 4499 1747 4589 provinciam

288 4656 333 4728 In
350 4650 572 4727 Monusterio
589 4660 711 4723 nutem
729 4674 750 4721 1
767 4647 908 4743 Kynlos
932 4656 1019 4719 tuno
1039 4648 1176 4740 primus
1192 4646 1261 4716 fuit
1278 4647 1374 4716 inter
1389 4643 1544 4716 seniores
1560 4653 1680 4738 putres
1697 4648 1760 4716 do-

285 4808 402 4878 minus
418 4802 578 4875 Joannou
594 4799 730 4882 Tollen,
757 4800 818 4890 qui
844 4799 881 4867 in
908 4794 1088 4890 seligendo
1114 4793 1261 4865 Abboto
1285 4793 1421 4865 Jooobo
1446 4792 1622 4886 Gothory‚
1647 4797 1763 4887 prima

285 4963 367 5025 voto
382 4953 493 5033 fecit;
519 4973 562 5021 eo
580 4956 726 5041 propter
742 4946 856 5017 11181111
872 4940 995 5037 posteo
1012 4942 1122 5027 Prior,
1142 4964 1224 5013 oum
1236 4949 1359 5013 tomen
1375 4964 1500 5013 revera
1516 4964 1588 5013 non
1605 4938 1692 5015 offet
1714 4967 1761 5014 ex
