4500 6100
493 681 538 746 10
967 663 1219 742 HISTORIA
1244 662 1503 740 AssssAt'UM

504 1015 566 1086 Ex
585 1031 819 1084 roromrrro
836 1029 1039 1084 coroonmr
1056 1009 1269 1085 Ermromr
1284 1007 1453 1084 Jorrrrrrr
1469 1009 1662 1086 imma
1679 1009 1965 1086 Proruoomm

950 1179 1002 1232 io
1020 1157 1301 1234 Rrvrrrrroorr
1317 1156 1519 1233 Aorrrrrr.

542 1457 637 1530 Com
655 1460 767 1534 etiem
785 1465 980 1532 contexere
993 1450 1190 1528 Historiam
1202 1453 1392 1530 Abbotum
1404 1479 1428 1528 o
1438 1453 1592 1550 Kynlor,
1604 1454 1738 1550 abipsa
1748 1453 1978 1530 mndetione:

493 1610 567 1684 Sed
584 1608 702 1682 multo
726 1615 920 1680 occurrunt
945 1606 1036 1678 odeo
1060 1603 1202 1689 mutilo,
1225 1612 1270 1678 ot
1295 1603 1454 1678 diffidam
1477 1625 1539 1678 me
1554 1599 1650 1697 potio
1665 1605 1774 1700 digne
1790 1604 1888 1690 setis,
1903 1614 1979 1678 tom

494 1753 623 1830 dissuta
639 1758 771 1838 omnio,
789 1758 827 1826 in
843 1776 957 1826 unum
974 1754 1148 1826 debenter
1171 1753 1411 1847 compingere.
1462 1750 1584 1836 Quare
1608 1755 1763 1846 optarim
1779 1756 1819 1826 in
1834 1757 1895 1848 pio
1911 1756 1978 1828 hoo

498 1906 656 2000 negotio,
675 1912 718 1976 ut
734 1904 808 1974 tuio
834 1902 949 1976 literis
974 1900 1139 1974 nonnihil
1154 1899 1229 1974 luoi
1244 1901 1422 1984 infundet
1438 1897 1498 1973 isti
1513 1897 1654 1974 nostroe
1669 1901 1825 1997 caligini.
1866 1902 1982 1996 quue

495 2055 559 2126 fiet
577 2053 765 2126 commode
786 2047 877 2123 fied
902 2049 1042 2124 Melros
1066 2045 1253 2144 scripseris,
1277 2056 1491 2143 recepturos
1516 2044 1623 2124 vestri
1647 2051 1755 2142 primi
1778 2049 1982 2124 Abbatiso

497 2201 639 2295 Kynioo
657 2200 792 2273 domini
810 2197 998 2272 Anselemi
1015 2198 1130 2282 initia,
1147 2200 1210 2290 qui
1222 2199 1278 2270 rir
1290 2198 1410 2282 fuerit,
1426 2204 1466 2269 et
1482 2217 1588 2290 equo
1599 2171 1749 2273 Abbote
1762 2198 1981 2273 Meirosense

496 2346 611 2422 isthuo
637 2343 866 2432 transmissus,
885 2355 924 2420 et
942 2357 1030 2441 quot
1054 2347 1324 2422 monachicum
1340 2344 1415 2418 illo.
1467 2345 1653 2418 Nimirum
1677 2346 1765 2418 olim
1788 2347 1897 2442 hujus
1912 2349 1980 2422 loei

497 2500 663 2574 Abbetes
681 2497 738 2588 (ut
763 2498 885 2592 audio)
909 2519 982 2570 non
1008 2522 1030 2569 a
1053 2495 1192 2570 summo
1217 2494 1406 2578 Pontifiee,
1431 2491 1492 2568 sed
1508 2518 1574 2589 per
1589 2493 1740 2569 Patrem
1764 2498 1934 2570 abbatem
1961 2524 1981 2570 a

499 2649 637 2722 Melroe
666 2644 956 2720 instituebantur.
1008 2643 1059 2716 Et
1085 2643 1258 2717 credibile
1282 2639 1337 2716 est
1360 2640 1604 2735 hujuscemodi
1633 2645 1901 2738 promotionum
1930 2650 1981 2720 in·

497 2796 715 2890 scriptiones,
726 2794 801 2868 illio
813 2797 852 2866 in
864 2790 1111 2866 testimonium
1122 2788 1295 2866 afferveri.
1326 2789 1520 2885 Deinceps,
1531 2792 1632 2865 debir
1641 2788 1684 2884 (fi
1693 2793 1785 2866 nihil
1794 2796 1979 2888 impediet)

499 2944 545 3016 ed
562 2940 704 3014 Culross
721 2941 853 3026 litoreo,
870 2951 913 3014 ut
929 2941 984 3014 illi
1000 2942 1104 3013 nobie
1120 2939 1283 3014 indioent
1298 2938 1402 3012 suum
1417 2941 1575 3033 primum
1590 2942 1760 3016 abbatem
1776 2965 1825 3016 ex
1841 2941 1980 3038 Kynlos

500 3092 587 3163 illue
603 3092 812 3185 proieiium,
831 3100 869 3163 et
886 3091 1144 3165 monachorum
1160 3112 1245 3163 eum
1259 3088 1324 3163 illo
1340 3110 1542 3162 numerum.
1592 3088 1687 3163 Tum
1704 3094 1816 3167 etium
1840 3088 1868 3163 ii
1893 3119 1981 3187 quoe

501 3242 649 3313 nomino
665 3248 793 3313 tenent
809 3239 981 3313 ebbotum
997 3262 1019 3313 a
1036 3236 1190 3331 Kynloe
1206 3260 1272 3332 per
1295 3233 1542 3313 visitationum
1559 3241 1727 3326 ebionei,
1744 3251 1783 3315 et
1801 3266 1872 3335 quo
1890 3267 1981 3316 euno

504 3386 627 3465 salutis
644 3390 737 3463 frea
753 3384 824 3463 smt
850 3390 986 3463 omnio:
1013 3388 1169 3481 Aequis
1193 3388 1366 3461 abbatum
1382 3410 1405 3461 o
1421 3386 1561 3463 Melroe
1584 3385 1781 3463 instituerit
1803 3389 1981 3466 Joennem

504 3536 624 3609 Ellem
641 3537 810 3610 abbatem
826 3532 994 3620 vestrum,
1013 3558 1060 3609 ex
1077 3530 1271 3609 claustroa
1294 3533 1455 3609 Culrooi
1505 3535 1556 3609 Et
1581 3533 1608 3609 fi
1633 3560 1721 3631 quos
1745 3538 1835 3614 idios
1850 3541 1984 3615 habent

504 3683 667 3759 {imiliter
678 3682 871 3769 institutos,
886 3687 948 3778 qui
960 3685 1031 3758 huo
1044 3686 1159 3757 veluti
1171 3681 1329 3779 pastores
1342 3685 1516 3770 venerint,
1533 3683 1601 3757 &e
1645 3683 1841 3774 Postremo,
1854 3689 1982 3763 scribes

504 3836 543 3903 in
560 3832 721 3927 Cuprum
738 3828 929 3929 Augustae,
948 3841 990 3904 ut
1007 3829 1146 3927 singulo
1170 3832 1216 3903 de
1240 3832 1386 3903 domino
1411 3830 1596 3905 Gulielmo
1622 3833 1763 3929 Bleyer,
1781 3847 1820 3908 et
1838 3840 1982 3910 domino

366 3959 367 3963 ¹
506 3980 530 4049 J
532 3982 642 4050 ooobo
656 3980 824 4073 Guthiry,
838 3979 1026 4052 abbatibus
1040 3982 1078 4050 in
1087 3978 1230 4072 Kynlos
1243 4002 1290 4050 ex
1301 3978 1422 4074 Cupro
1435 3977 1651 4066 transmiffis,
1665 3983 1768 4056 nobis
1780 3982 1981 4059 infinuent:

509 4128 639 4199 additis
652 4128 765 4209 annis,
779 4124 844 4197 bre.
887 4126 932 4195 Id
945 4125 1060 4219 ipsum
1077 4149 1155 4221 ego,
1170 4126 1265 4219 quod
1282 4150 1329 4197 ex
1346 4135 1498 4199 tenone
1515 4131 1630 4223 cupio,
1648 4130 1911 4208 odeumtiffime
1928 4140 1982 4231 egi

508 4280 547 4347 in
564 4288 666 4370 porte
683 4273 807 4359 altere,
818 4268 1026 4345 tmnsmiiiis
1038 4273 1153 4379 literis
1169 4274 1215 4345 ad
1229 4273 1458 4369 Superiorem
1471 4300 1493 4347 e
1506 4275 1627 4362 Deire,
1640 4281 1736 4373 apud
1749 4304 1857 4376 quem
1869 4287 1985 4356 multo

509 4428 678 4497 dicuntur
702 4421 771 4496 effe
796 4422 893 4495 talio.
945 4420 1053 4506 Quod
1076 4417 1275 4493 iivoluerit
1292 4420 1364 4511 (uti
1379 4422 1585 4520 pollicetur)
1610 4423 1751 4524 singule
1773 4432 1932 4505 indicere
1948 4436 1983 4504 in

508 4576 575 4645 hae
600 4597 649 4658 re,
675 4595 745 4666 que
761 4570 845 4643 sunt
866 4571 920 4641 illi
945 4565 1133 4653 notiffima,
1160 4570 1291 4641 eurobo
1316 4580 1355 4642 et
1379 4594 1447 4667 ego
1472 4596 1519 4644 ne
1544 4574 1663 4648 denuo
1688 4600 1753 4672 per
1776 4577 1984 4673 scriptorum

510 4720 734 4793 oscitantiam
745 4729 822 4791 tom
834 4718 951 4792 multo
962 4714 1151 4791 vetustatis
1168 4741 1297 4792 aroana
1310 4720 1347 4788 in
1359 4720 1526 4793 tenebras
1543 4722 1760 4810 relabentur,
1774 4725 1839 4799 bre.
1875 4728 1984 4822 Apud

512 4868 653 4965 Kynlos
669 4826 784 4951 tirum,
804 4874 824 4939 5
844 4868 909 4939 ool.
928 4866 1014 4939 Feb.
1036 4865 1141 4938 1536.

2210 233 2223 691 i

2217 730 2228 1149 i

2222 1216 2230 1445 i

2233 978 2236 1173 i
