4500 6100
671 780 1001 853 MONASTERII
1028 779 1064 851 A
1091 779 1317 852 KYNLOS.
1718 791 1740 856 7

254 978 299 1047 ad
317 999 437 1050 veram
447 974 654 1072 justamque
671 981 911 1050 eruditionem
926 976 1070 1073 speetu
1106 976 1147 1049 Si
1164 981 1226 1070 qui
1243 979 1463 1050 ridebuntur
1480 977 1599 1051 lascivi
1616 983 1739 1073 magis,

255 1149 362 1216 quarn
380 1135 421 1198 ut
438 1127 491 1198 illi
508 1129 722 1200 conveniant
743 1130 863 1210 aetati,
876 1123 1115 1202 'submoveant
1133 1133 1348 1224 prudenter:
1378 1135 1523 1202 interim
1549 1132 1662 1203 relicti
1680 1134 1740 1222 qui
1778 1159 1788 1167 ·

254 1277 309 1348 his
322 1282 484 1350 omnium
496 1280 641 1352 calcuhs
658 1281 864 1373 probantur.
901 1281 1031 1353 Pateat
1048 1281 1132 1350 hinc
1150 1280 1270 1351 aditus
1287 1281 1333 1350 ad
1351 1281 1577 1362 rhetoricam,
1595 1282 1664 1351 hoc
1677 1279 1739 1362 eft,

254 1425 299 1496 ad
315 1428 408 1498 hene
425 1437 621 1520 ornateque
639 1430 780 1500 dicendi
800 1431 985 1523 peritiam:
1015 1425 1063 1501 ii'c
1080 1432 1178 1500 enim
1196 1429 1345 1511 facilius,
1372 1430 1418 1500 ad
1436 1452 1557 1501 veram
1583 1429 1741 1501 dialceti-

254 1597 332 1644 cam
350 1573 620 1669 universamque
636 1576 903 1671 philosophiam,
921 1579 1071 1673 gradum
1089 1578 1199 1650 faciat
1217 1579 1393 1669 juventus
1410 1581 1556 1670 optima
1608 1577 1653 1648 In
1670 1602 1742 1671 qua

253 1720 327 1794 sola
342 1725 435 1796 bene
451 1727 628 1818 beateque
645 1728 789 1799 vivendi
806 1729 981 1800 formulae
999 1748 1124 1798 omnes
1142 1727 1259 1798 latent
1276 1723 1501 1819 penitissime.
1553 1727 1741 1820 Siquidem
1839 1729 1850 1755 ⁰

252 1871 473 1966 philosophia
500 1884 537 1946 et
562 1877 763 1968 principum
787 1886 825 1946 et
853 1877 1077 1967 plebeiorum
1093 1875 1211 1946 tutela
1235 1875 1343 1968 longe
1369 1877 1505 1967 optima
1521 1876 1740 1966 perhibetur.

254 2021 357 2093 Haec
372 2021 446 2094 sola
460 2023 623 2115 palantes
640 2027 795 2117 primum
808 2025 972 2095 homines
985 2026 1022 2094 in
1035 2048 1151 2095 unum
1164 2047 1292 2117 corpus
1304 2027 1495 2118 compegit,
1514 2025 1612 2119 leges
1624 2024 1741 2118 posuit

254 2173 298 2243 ad
315 2171 549 2264 Reipublicae
566 2173 817 2266 gnbemacula,
836 2174 965 2265 quibus
979 2176 1105 2244 virtuti
1122 2176 1282 2266 praemia
1293 2172 1554 2267 sceleribusque
1570 2172 1742 2268 supplicia

254 2322 499 2398 decernimus„
540 2320 672 2392 Pacem
698 2329 822 2392 tuetur
839 2319 1072 2415 philosophia,
1096 2331 1192 2392 artes
1208 2319 1345 2405 statuit,
1363 2347 1405 2394 ac
1421 2323 1633 2418 religionem
1659 2349 1742 2396 auc-

254 2472 381 2540 tiorem
395 2471 682 2562 ornatioremque
698 2471 826 2541 reddit.
871 2470 941 2541 Per
958 2493 1038 2542 eam
1056 2468 1286 2541 reflorescunt
1303 2473 1342 2541 in
1358 2468 1563 2542 universum
1580 2472 1742 2544 liberalia

253 2613 379 2699 studia,
426 2639 566 2687 morum
600 2614 733 2688 fatiscit
767 2618 980 2709 corruptela,
1016 2616 1183 2688 seruntur
1216 2621 1395 2688 virtutes:
1431 2621 1587 2710 denique
1621 2621 1742 2692 divina

253 2766 411 2837 humana
434 2788 505 2857 que
530 2768 650 2837 omnia
673 2767 780 2858 hujus
796 2763 1028 2838 sanltiffimae
1053 2769 1222 2859 parentia,
1241 2765 1493 2860 philosophiae,
1512 2770 1741 2840 adminiculis

252 2915 423 2986 facillime
453 2917 664 2997 retinentur,
696 2915 782 2987 aliae
810 2917 849 2986 in
879 2917 1033 2987 nihilum
1067 2916 1219 2988 abitura.
1271 2916 1379 3001 Quod
1403 2913 1430 2987 fr
1456 2921 1535 3010 quis
1565 2920 1741 2990 detrettet

254 3075 374 3136 tantos
401 3065 540 3137 labores
567 3066 613 3137 ad
630 3068 743 3137 vitam
759 3062 859 3137 suam
875 3062 1146 3149 instituendam,
1164 3076 1203 3138 et
1219 3066 1312 3137 nolit
1335 3067 1578 3161 philosophiae
1595 3093 1741 3163 operam

254 3237 403 3286 navare:
430 3237 504 3285 non
521 3216 673 3285 miretur
689 3210 842 3307 frparvo
860 3224 1046 3285 momento
1064 3216 1109 3287 ab
1126 3218 1362 3309 ignoratione,
1380 3219 1419 3286 in
1436 3218 1606 3288 vitiorum
1622 3216 1740 3289 sordes

253 3366 420 3458 rapiatur.
472 3363 544 3449 Qui
571 3366 705 3457 poterit
730 3360 914 3456 utriusque
940 3343 1106 3437 fortunae
1129 3364 1357 3437 insolentiam
1374 3368 1531 3459 perferre
1548 3371 1588 3451 is,
1614 3371 1651 3439 in
1669 3393 1740 3462 quo

254 3514 343 3586 nihil
359 3510 610 3608 philosophiae,
627 3515 695 3585 hoc
712 3510 775 3597 est,
793 3513 952 3585 reficieris
965 3516 1071 3596 vitae,
1090 3537 1137 3584 ne
1154 3517 1248 3586 mica
1265 3516 1411 3606 quidem
1428 3518 1641 3609 prudentiae
1656 3541 1741 3588 con-

253 3661 523 3757 sultationisque
551 3659 732 3735 subsistit?
768 3661 840 3733 Sed
871 3661 1110 3733 censebuntur
1139 3662 1302 3756 plerique
1328 3673 1512 3735 tantorum
1541 3662 1739 3736 studiorum

254 3814 503 3885 difficultatem
520 3821 558 3883 et
575 3814 719 3885 inanem
747 3820 927 3895 conatum,
950 3806 1170 3904 potiffimum
1186 3814 1247 3883 hic
1271 3816 1309 3882 in
1335 3814 1466 3905 quibus
1492 3837 1565 3885 non
1591 3827 1740 3909 apparet

254 3964 387 4056 ingenii
412 3964 583 4034 vivacitas
616 3969 654 4031 et
683 3970 832 4033 naturae
861 3960 1037 4052 quaedam
1067 3960 1332 4053 praecellentia
1390 3962 1477 4032 Non
1500 3961 1621 4035 sumus
1650 3967 1739 4037 adeo

253 4113 375 4205 ignari,
404 4120 446 4181 ut
471 4134 536 4182 noa
561 4112 677 4205 fugiat
702 4134 813 4203 quum
841 4111 888 4182 ad
903 4108 1163 4204 philosophiam
1187 4133 1365 4194 vocamus,
1388 4111 1525 4183 multos
1541 4114 1738 4186 adinveniri

202 4314 204 4319 -
253 4261 446 4353 ineptiores
475 4282 583 4353 quom
609 4263 671 4353 qui
696 4256 827 4354 poflint
855 4262 892 4330 in
920 4259 1153 4332 sandcioribus
1181 4255 1307 4331 studiis
1335 4258 1475 4333 versari.
1545 4261 1627 4335 Nec
1655 4287 1737 4335 curn

252 4410 324 4481 illis
351 4432 447 4482 nunc
473 4410 577 4483 nobis
604 4406 657 4480 est
682 4411 884 4503 negocium.
948 4408 1031 4481 Hoc
1057 4407 1172 4481 solum
1190 4410 1356 4482 volumus
1380 4407 1565 4495 insinuare,
1583 4436 1656 4483 non
1678 4415 1739 4483 de-

254 4554 323 4630 esse
350 4559 484 4631 multos
512 4560 641 4652 quibua
665 4557 858 4653 suppetant
885 4561 1015 4641 omnia,
1037 4563 1147 4631 etiam
1165 4562 1299 4653 ingenii
1325 4562 1487 4630 bonitas:
1516 4563 1578 4652 qui
1595 4570 1739 4633 tantum

254 4704 352 4779 abest
382 4717 425 4778 ut
450 4706 692 4801 philosophiae
720 4704 846 4779 studiis
880 4710 1040 4779 animum
1069 4708 1249 4799 adjiciant,
1280 4717 1322 4777 ut
1352 4709 1463 4779 etiam
1493 4732 1554 4780 eos
1583 4733 1672 4802 quos
1701 4714 1739 4781 in

256 4854 463 4929 stultiorem
490 4830 679 4951 propensos
704 4859 830 4930 vident
856 4858 1105 4939 eruditionem,
1134 4856 1301 4949 exemplo
1330 4857 1426 4928 malo
1454 4882 1476 4930 a
1505 4862 1639 4932 virtute
1666 4884 1738 4932 non

258 5000 421 5079 desinant
448 5029 607 5080 avocare.
672 5006 799 5081 Genua
831 5008 1019 5078 hominum
1048 5001 1315 5097 iniquiffimum,
1350 5030 1423 5077 non
1453 5005 1507 5078 sat
1535 5009 1645 5080 habet
1674 5006 1738 5082 fibi
