4500 6100
521 776 567 849 68
886 770 889 777 ’
969 768 1242 846 ,HISTORIA
1266 768 1525 845 ABBArUM

520 978 645 1041 eontra
666 966 859 1051 nitebatur,
885 974 924 1039 et
941 964 1100 1041 vetustos
1116 970 1155 1039 in
1181 990 1225 1040 ea
1248 976 1352 1063 parte
1367 988 1533 1063 agrorum
1549 966 1683 1039 limites
1707 966 1912 1040 clanculum
1933 968 2004 1041 ali·

517 1116 661 1211 qnando
671 1117 717 1187 ab
730 1116 861 1208 iniquia
871 1115 1074 1187 hominibus
1083 1112 1269 1186 submotos
1278 1114 1493 1187 inculcabat
1523 1113 2002 1207 Reautcunqoeretustate

520 1267 696 1360 ambigua,
714 1266 753 1337 in
776 1264 930 1349 multam
946 1264 1218 1335 contentionem
1235 1264 1419 1356 prorupit;
1444 1260 1504 1333 sed
1521 1263 1652 1333 veritae
1677 1260 1753 1355 ipse
1776 1262 2002 1355 aliquandiu

519 1415 674 1486 elnltata
690 1420 798 1506 eaput
814 1406 936 1505 postea
960 1413 1112 1483 exeruit.
1165 1408 1264 1481 Nam
1280 1412 1319 1481 in
1335 1406 1492 1483 conseffu
1516 1411 1743 1482 dominorum
1760 1410 2002 1505 parliamenti,

519 1560 598 1655 post
613 1582 746 1633 nonam
763 1559 886 1652 (quam
903 1561 1048 1652 vocant)
1065 1554 1263 1642 seffionem,
1280 1560 1467 1631 decretum
1483 1554 1547 1642 est,
1566 1566 1609 1629 ut
1625 1580 1746 1631 comeo
1762 1558 2002 1654 Argatheliae

520 1708 800 1782 Archimbaldne
832 1706 1074 1801 Gampbellua,
1108 1729 1193 1779 cnm
1217 1706 1297 1779 aliie
1320 1706 1501 1778 nobilibus
1526 1708 1622 1789 viria
1648 1706 1762 1778 veluti
1791 1708 1926 1779 arbiter
1953 1709 2002 1779 de

520 1859 652 1929 tinibus
668 1876 834 1951 agrorum
849 1856 946 1925 inter
961 1854 1131 1926 abbatem
1146 1864 1186 1924 et
1202 1853 1227 1926 J
1227 1875 1383 1925 oannem
1408 1853 1573 1937 Gumein,
1597 1851 1754 1947 spectato
1779 1852 2004 1947 lustratoqne

524 2006 611 2088 loco,
643 2004 747 2075 litem
772 2002 872 2073 illam
897 2000 1090 2072 dirimeret.
1152 2000 1236 2086 Qui,
1265 2002 1329 2071 ubi
1354 2002 1425 2072 rite
1454 1998 1672 2096 cognovisset
1696 2002 1743 2073 de
1764 1998 1923 2097 lingulia
1958 2013 2003 2073 ut

521 2152 664 2246 publico
685 2144 923 2221 instnrmento
947 2149 1166 2219 circuitionis
1183 2144 1245 2237 (fic
1261 2147 1314 2219 illi
1331 2148 1543 2242 loquuntur)
1559 2150 1655 2242 apud
1672 2146 1814 2243 Kynloe
1830 2146 2003 2223 afferrato

522 2297 660 2373 oonstrn
676 2292 900 2392 apertiffime,
918 2295 1112 2369 secundum
1129 2297 1298 2370 abbatem
1313 2318 1391 2367 rem
1407 2298 1573 2369 confecit.

572 2448 662 2521 Erat
686 2450 796 2520 etiam
817 2454 897 2517 tum
913 2448 1086 2539 temporis
1102 2442 1391 2517 Aberdoniarum
1408 2448 1608 2517 vicecomes
1630 2446 1687 2534 (ut
1704 2449 1822 2541 aiunt)
1839 2446 2003 2519 Alexan·

522 2601 585 2672 der
602 2597 814 2677 Banarrnnn,
833 2594 901 2685 qui¹
911 2593 1033 2665 abbati
1051 2592 1097 2663 de
1113 2614 1199 2686 agro
1215 2590 1385 2663 eccleliee
1400 2593 1447 2664 ab
1460 2591 1591 2664 Ellone
1602 2594 1789 2687 negotium
1806 2590 2001 2667 sacell'eret.

522 2746 616 2818 (lum
641 2742 704 2814 illo
725 2750 800 2813 tres
823 2762 934 2811 annea
950 2748 1049 2811 totos
1072 2738 1255 2835 litigatum
1271 2734 1346 2822 est;
1371 2736 1550 2831 postremo
1571 2749 1695 2812 tamen
1717 2742 1839 2813 abbati
1857 2744 2003 2815 videoria

523 2890 633 2967 cellit.

572 3042 646 3115 Sed
661 3039 752 3112 illud
767 3040 910 3132 majoris
924 3037 994 3108 fuit
1007 3036 1191 3118 momenti,
1205 3033 1302 3128 qnod
1314 3032 1499 3107 adversum
1512 3032 1762 3108 Alexandrum
1776 3036 2000 3110 Gordonium

522 3191 691 3263 comitem
716 3187 932 3268 Huntleum,
959 3194 1037 3255 toto
1062 3184 1258 3276 septennio,
1284 3207 1358 3253 non
1382 3185 1520 3254 minore
1544 3185 1736 3276 prudentia
1759 3206 1867 3276 quam
1890 3189 2001 3258 animi

523 3331 729 3416 constantia,
763 3335 809 3406 ab
842 3333 968 3404 eodem
1002 3331 1133 3403 abbate
1165 3352 1229 3422 pro
1262 3327 1326 3400 sue
1354 3325 1568 3401 monasterio
1597 3332 1734 3402 tuendo
1766 3327 1907 3426 gestum
1937 3333 1999 3404 est„

524 3484 702 3578 cupiebat
718 3480 937 3563 Alexander,
955 3501 1001 3550 ex
1020 3477 1197 3570 Strothily
1212 3479 1361 3550 baronia
1377 3500 1483 3569 quam
1500 3477 1636 3549 habent
1653 3479 1819 3550 monaehi
1836 3489 1875 3550 et
1891 3482 1999 3552 abbae

524 3657 546 3704 a
563 3631 713 3725 Kynloo,
731 3649 856 3724 agrum
873 3625 1040 3699 Ballaoht
1054 3623 1139 3696 snae
1155 3619 1353 3718 poffeffioni
1369 3625 1560 3708 accedere3
1585 3635 1723 3696 etcum
1746 3626 1886 3698 nullum
1903 3629 1941 3699 in
1957 3653 2000 3700 ea

524 3805 562 3852 re
582 3781 643 3872 jus
669 3777 828 3859 haberat,
854 3775 974 3845 abbati
992 3781 1115 3844 tamen
1131 3774 1170 3842 in
1186 3774 1324 3844 retium
1340 3775 1590 3867 propugnanti,
1615 3797 1689 3846 non
1713 3773 1822 3847 semel
1847 3787 1999 3848 mortem

525 3924 820 3999 comminabatur.
872 3920 1012 3993 Verum
1029 3943 1096 3990 nec
1113 3920 1309 3992 terroribus
1325 3919 1398 3992 illio
1414 3920 1543 3993 adduci
1559 3922 1679 4013 potnit
1695 3923 1805 3995 abbae
1818 3933 1862 3994 ut
1877 3927 1998 3997 comiti

525 4076 689 4156 oederet;
706 4092 836 4164 nempe
848 4071 894 4141 ad
910 4069 1135 4139 mentionem
1147 4069 1273 4158 mortio
1288 4069 1488 4161 intrepidus
1504 4067 1644 4161 semper
1656 4073 1694 4142 in
1711 4073 1890 4144 anteriora
1905 4071 2000 4167 sagn·

525 4217 659 4296 ciffime
674 4213 967 4311 proficiscebatur.
1017 4214 1189 4295 Tandem,
1215 4211 1293 4307 post
1318 4215 1477 4286 infinitos
1493 4224 1533 4288 et
1548 4219 1659 4288 animi
1677 4228 1716 4289 et
1731 4222 1888 4312 corporis
1904 4220 2001 4292 labo-

524 4395 591 4456 res,
608 4360 935 4455 acerbiffimamque
960 4361 1241 4444 contentionem,
1266 4369 1391 4453 optato
1407 4363 1480 4434 fine
1495 4367 1634 4456 potitus
1650 4361 1705 4436 est
1719 4367 1838 4439 abbae.
1889 4369 1999 4440 Acin

524 4513 669 4612 hujusce
685 4517 738 4586 rei
753 4511 972 4591 memoriam,
999 4507 1210 4579 Alexander
1233 4529 1353 4578 comeo
1376 4507 1459 4581 suae
1483 4507 1645 4584 cellionis
1666 4512 1852 4607 publicum
1875 4513 2001 4586 instru-

526 4677 690 4738 mentum
717 4661 915 4755 imperavit,
942 4659 1000 4730 oni
1025 4665 1063 4728 et
1088 4653 1243 4750 figillum
1272 4653 1384 4740 sunm,
1415 4667 1457 4728 ut
1482 4660 1520 4729 in
1545 4659 1688 4752 Kynloe
1703 4663 1826 4733 videre
1842 4661 1905 4748 est,
1921 4687 2001 4756 pro-

526 4815 671 4908 pendet

577 4959 675 5032 Huic
704 4950 968 5050 impeditiffimo
986 4954 1134 5048 negocio
1159 4946 1302 5024 accellit
1318 4950 1519 5025 Alexandri
1535 4955 1581 5027 ab
1598 4953 1733 5026 Huntli
1751 4960 1892 5030 comitia
1907 4957 2003 5034 soror
