4500 6100
480 740 528 809 50
950 728 1201 803 HISTORIA
1226 729 1486 803 ABBATUM

481 926 676 1001 Ciceronis.
726 924 834 1011 Item,
860 925 1082 1001 Rhetoricen
1106 928 1283 1000 minorem
1306 926 1584 1010 Melauttbonia,
1607 948 1692 999 cum
1713 924 1963 999 schematibus.

482 1076 589 1161 Item,
607 1075 828 1151 Rhetoriceu
846 1073 1113 1149 Melanttbonie
1130 1076 1313 1167 majorem.
1364 1074 1472 1158 Item,
1490 1072 1687 1168 sphaeram
1702 1098 1726 1147 a
1740 1073 1966 1149 Sacroboicc.

482 1224 588 1308 Item,
606 1224 778 1299 Bucolica
796 1222 954 1317 Virgilii.
993 1221 1100 1307 Item,
1114 1193 1303 1317 Georpica
1342 1220 1450 1305 Item,
1465 1221 1616 1294 Librum
1631 1224 1788 1315 primum
1804 1224 1852 1295 de
1866 1226 1968 1316 copia

486 1370 634 1445 Erasmi.
686 1371 793 1457 Item,
812 1371 1093 1446 Arithmoticam
1118 1366 1286 1443 nostram.
1337 1370 1444 1453 Item,
1471 1368 1665 1465 Dialogum
1680 1372 1837 1463 primum
1853 1368 1967 1465 phyli-

482 1544 604 1593 corum
621 1518 739 1595 Fabri.
790 1518 897 1605 Item,
915 1516 1129 1593 Universam
1153 1518 1308 1613 logicam
1323 1514 1541 1602 Aristotelia,
1559 1541 1645 1592 cum
1672 1519 1967 1612 praedicabilibus

487 1668 686 1763 Porphyrii.
737 1667 844 1751 Item,
863 1666 991 1741 Libros
1007 1668 1167 1760 quinque
1191 1663 1416 1760 physicorum
1441 1661 1655 1738 Aristotelia
1707 1666 1815 1751 Item,
1841 1668 1968 1739 bibroa

487 1817 558 1889 duo
583 1816 812 1911 politicorum
828 1808 1046 1887 Aristotelis.
1097 1813 1204 1897 Item,
1231 1814 1343 1885 Primi
1368 1813 1450 1885 libri
1466 1810 1725 1888 sententiarum
1750 1816 1876 1887 decem
1901 1815 1969 1887 dis·
2109 1876 2113 1882 .

486 1966 686 2039 1101110000.
737 1962 846 2045 Item,
872 1956 1068 2055 Epistulam
1086 1960 1192 2035 Pauli
1216 1961 1262 2034 ad
1288 1960 1480 2033 Romanoa
1518 1960 1625 2044 Item,
1643 1960 1813 2054 Quinque
1836 1966 1968 2057 palmos

487 2110 596 2185 libros
611 2104 807 2204 Augustini
823 2108 869 2181 de
886 2110 1034 2181 ciuitate
1051 2106 1133 2179 Dei.

535 2258 646 2331 Anno
683 2262 774 2331 1541
812 2280 885 2331 una
918 2276 1000 2329 cum
1034 2254 1199 2351 episcopo
1231 2254 1479 2331 Aberdonenfi
1513 2257 1633 2332 mill'ua
1666 2255 1720 2332 est
1751 2261 1893 2357 legatus
1924 2266 1969 2335 ad

488 2406 645 2502 Angliae
660 2427 783 2501 regem
800 2407 845 2478 de
867 2400 1105 2479 controverfia
1126 2407 1281 2498 quadam
1304 2407 1463 2479 limitum
1489 2405 1674 2500 utriusque
1701 2412 1813 2504 regni,
1838 2415 1970 2503 inquo

486 2556 578 2631 nihil
605 2552 896 2637 0110001080οι0,
920 2552 981 2627 sed
1010 2554 1224 2648 ampliatum
1253 2556 1292 2626 in
1318 2555 1416 2627 aliud
1443 2563 1587 2649 tempus
1612 2560 1811 2653 negotium.
1861 2558 1971 2631 Anno

491 2710 596 2787 1542,
629 2726 814 2777 unacum
848 2704 994 2777 domino
1022 2705 1069 2777 ab
1098 2701 1260 2797 Erikyne
1290 2704 1397 2777 datus
1426 2702 1479 2777 est
1508 2706 1643 2779 arbiter
1671 2731 1693 2781 a
1721 2707 1859 2781 Jacobo
1888 2735 1972 2806 rege

490 2853 680 2927 Scotorum
712 2854 750 2924 in
779 2874 856 2925 rom
880 2847 1103 2945 praesentem
1135 2852 1181 2923 de
1210 2852 1387 2924 limitibua
1415 2850 1560 2925 Scotiae
1590 2877 1675 2927 oum
1702 2854 1836 2951 Anglo.
1896 2858 1973 2932 Ad-

491 3004 633 3076 fuerant
658 3001 827 3092 utrinque
850 2997 979 3084 multi;
1009 2997 1071 3074 sed
1094 2997 1175 3094 post
1199 2998 1344 3095 longam
1360 2998 1665 3096 disceptationem,
1690 3026 1775 3076 curn
1799 3028 1873 3078 non
1888 3005 1973 3081 satia

492 3151 701 3224 conveniret
727 3151 823 3222 inter
847 3158 976 3242 partes,
1003 3148 1216 3242 ampliatum
1231 3146 1286 3220 est
1301 3151 1487 3244 negotium
1503 3152 1550 3224 ad
1566 3151 1729 3226 flaturum
1754 3168 1973 3230 conventum

493 3297 696 3392 Anglorum
713 3294 875 3380 Eboraci,
893 3297 930 3368 id
945 3292 1000 3367 011
1016 3295 1124 3390 vulgo
1143 3295 1256 3379 Yorlc,
1276 3304 1315 3368 et
1331 3294 1516 3369 disceilum
1541 3295 1596 3370 est
1621 3300 1668 3371 ab
1684 3308 1837 3394 utraque
1861 3315 1973 3398 parte.

494 3447 675 3538 DeIncepe
691 3467 765 3518 una
781 3467 864 3518 cum
885 3445 1031 3518 domino
1048 3441 1209 3537 Erssryne
1225 3445 1319 3516 itum
1335 3442 1389 3516 011
1405 3447 1451 3518 ad
1468 3446 1558 3518 illud
1574 3447 1759 3541 publicum
1784 3453 1974 3524 concilium

494 3591 710 3689 Auglorum,
726 3603 836 3687 atque
853 3593 942 3666 item
958 3592 1131 3686 producta
1146 3587 1200 3664 est
1216 3592 1304 3663 dum
1321 3591 1416 3664 clam
1432 3606 1579 3687 paratur
1593 3598 1641 3670 ab
1656 3595 1781 3692 Anglo
1796 3604 1975 3673 exercituo

495 3753 532 3822 in
559 3742 740 3826 Scotimrr;
765 3765 833 3816 nec
858 3738 1095 3836 permiserunt
1124 3743 1188 3833 qui
1215 3750 1319 3814 erant
1343 3744 1382 3812 in
1406 3738 1650 3816 000101101110
1674 3747 1815 3841 anglico
1840 3749 1977 3844 legatos

497 3893 626 3964 Scotoa
651 3891 709 3962 val
740 3887 891 3964 scribere
919 3889 959 3962 in
987 3891 1152 3982 patriam,
1178 3889 1236 3962 vel
1263 3890 1310 3962 ad
1335 3886 1416 3962 scca
1444 3887 1570 3976 redire,
1595 3917 1643 3964 ne
1670 3895 1765 3968 forte
1789 3895 1851 3969 100
1883 3898 1977 3994 Regi

497 4047 684 4112 narrarent
700 4061 791 4130 0000
808 4061 872 4130 per
895 4038 1058 4110 fraudem
1075 4037 1150 4110 illic
1166 4038 1393 4132 gerebantur,
1419 4038 1534 4112 donec
1556 4040 1714 4115 0011οἃ10
1738 4046 1850 4138 copiia
1873 4044 1978 4118 simul

498 4209 581 4260 cum
598 4188 759 4258 exercitu
776 4185 866 4258 linea
884 4183 1028 4258 Scotiae
1045 4187 1091 4258 ad
1107 4187 1266 4278 quinque
1283 4187 1360 4257 dica
1377 4181 1440 4279 ipsa
1456 4185 1570 4284 Angli
1587 4189 1860 4285 occupavillent.

548 4335 627 4410 Sub
642 4357 777 4408 anuum
792 4339 886 4406 1538
900 4333 1065 4404 dominus
1077 4333 1187 4406 abbae
1202 4335 1332 4405 accivit
1344 4328 1408 4406 fibi
1425 4337 1596 4428 pittorem
1608 4337 1793 4412 Andream
1806 4341 1979 4415 Bairhum

499 4489 538 4558 in
555 4493 632 4558 arte
649 4481 710 4556 sua
726 4483 920 4578 egregium,
936 4477 998 4554 sed
1019 4480 1204 4552 hominem
1229 4481 1373 4572 quidem
1399 4485 1555 4556 trattatu
1579 4485 1759 4559 difficilem
1776 4498 1815 4560 et
1832 4501 1980 4562 conten-

500 4631 640 4716 tiosum,
669 4655 743 4704 nou
772 4632 890 4704 minus
919 4651 1027 4722 quam
1056 4630 1167 4704 animi
1196 4631 1411 4722 impotentia
1434 4631 1658 4706 laborantem
1687 4659 1796 4729 quam
1825 4641 1979 4732 corporis

502 4779 758 4863 imbecillitate,
792 4789 836 4851 01
868 4779 929 4870 001
961 4785 1115 4870 utroque
1147 4777 1240 4871 pede
1273 4779 1500 4853 claudicaret.
1557 4781 1651 4854 Eum
1677 4795 1811 4870 tamen,
1845 4797 1980 4880 quanta

500 4929 727 5004 humanitate
749 4925 826 4998 fieri
848 4927 978 5019 potuit,
995 4933 1075 4996 tcto
1091 4925 1249 4998 triennio
1265 4927 1416 5001 retinuit
1439 4930 1535 5021 apud
1559 4929 1711 5025 Kynloa,
1737 4956 1809 5026 quo
1834 4935 1979 5026 quidem
