4500 6100
505 713 551 781 14
968 707 1216 784 HISTORIA
1240 707 1452 783 ABBA'l'U
1454 709 1500 782 M

502 903 650 999 prorsus.
700 903 774 977 Sed
791 905 868 998 jorn
897 905 980 979 satie
1010 908 1056 979 de
1079 907 1186 1000 hujus
1210 907 1280 980 loci
1304 910 1453 980 nomine
1478 903 1819 1003 significationeque.
1872 907 1996 978 Nunc

503 1075 732 1146 properemus
760 1055 805 1125 ad
834 1053 1054 1126 fundationis
1088 1077 1161 1125 non
1193 1051 1308 1126 solum
1336 1056 1450 1138 initio,
1483 1054 1545 1126 sed
1577 1029 1803 1128 incrementa
1831 1077 1995 1148 quoque,

505 1223 595 1294 quae
611 1201 695 1272 huic
712 1199 933 1274 Monasterio
949 1225 1014 1295 per
1028 1197 1197 1295 posteros,
1214 1225 1296 1275 cum
1323 1205 1516 1275 monachos
1532 1212 1572 1274 et
1588 1204 1747 1288 abbates,
1764 1212 1846 1275 tum
1863 1203 1993 1298 Reges
2228 1220 2231 1379 Ι

504 1344 730 1421 accederunt.
2231 1381 2233 1443 q

551 1497 738 1569 Proditum
763 1494 816 1569 est
839 1501 1032 1570 memoriae
1060 1497 1200 1594 Regem
1227 1497 1345 1570 David
1370 1496 1436 1570 snb
1460 1500 1604 1571 initium
1628 1495 1713 1570 suae
1736 1501 1775 1570 in
1800 1497 1990 1572 Scotiom
2230 1490 2231 1499 ἵ

502 1647 776 1740 Rempublicem
805 1643 1130 1730 administrationis,
1165 1670 1239 1718 una
1271 1669 1353 1718 cnm
1381 1645 1500 1741 Regni
1524 1646 1738 1739 primoribus
1762 1644 1817 1717 sui
1841 1647 1989 1740 imperii

501 1796 673 1868 terminos
694 1788 850 1864 luttrcffe
876 1816 1011 1864 omnes.
1074 1793 1148 1866 Sed
1173 1817 1256 1865 cum
1281 1794 1414 1886 ubique
1439 1815 1606 1888 magnam
1626 1789 1862 1887 conspexisset
1878 1793 1988 1867 vesti·

502 1945 588 2014 tatia
613 1941 850 2023 solitudinem,
880 1937 1086 2013 conversum
1111 1943 1214 2014 ciunt
1238 1943 1284 2013 ad
1307 1965 1472 2036 proceres
1500 1939 1647 2014 dixisse:
1678 1943 1808 2034 ecquid
1832 1944 1872 2014 in
1896 1943 1985 2014 orbe

499 2101 674 2162 terrarum
690 2083 738 2160 sic
754 2083 877 2182 paffim
902 2089 1075 2160 heberent
1091 2090 1228 2184 regnat
1253 2087 1412 2163 Aecum
1427 2085 1612 2184 accepisset
1629 2090 1746 2162 multo
1764 2091 1871 2162 aliter
1886 2091 1984 2184 apud

501 2247 643 2309 exteros
671 2238 804 2320 haberi,
823 2260 894 2308 non
921 2259 1046 2330 parum
1073 2238 1208 2322 dolena,
1234 2240 1374 2331 inquit;
1410 2239 1497 2331 quid
1523 2261 1609 2332 ergo
1638 2240 1800 2332 impedit,
1818 2263 1891 2331 quo
1915 2241 1983 2309 mi·

500 2409 567 2458 nue
585 2409 659 2470 nos,
676 2382 832 2457 vestrum
850 2388 1008 2458 omnium
1036 2387 1263 2460 adminiculis
1287 2384 1423 2458 suffulti
1439 2383 1714 2479 Rempublicam
1740 2411 1763 2458 a
1790 2388 1982 2459 maioribus

500 2535 739 2630 negligentius
764 2537 967 2622 trutinatum,
997 2545 1228 2608 externorum
1253 2535 1397 2630 Regum
1432 2534 1600 2628 exemplo
1636 2537 1741 2618 bono,
1767 2536 1981 2608 informem

502 2685 657 2778 aliquam
674 2687 916 2757 decentiorem
934 2685 1128 2778 cogamus?
1179 2681 1400 2777 Responsum
1417 2681 1471 2754 est
1495 2683 1777 2767 anobilioribuo,
1796 2681 1824 2754 fi
1843 2685 1928 2756 Rex
1942 2687 1979 2755 in

501 2837 660 2904 animum
689 2833 875 2904 induceret
900 2830 1002 2903 suum
1031 2831 1233 2925 hujusmodi
1259 2834 1477 2925 opinionem,
1504 2831 1611 2904 facile
1639 2834 1919 2905 adinventorum
1943 2841 1979 2902 et

501 2979 718 3055 consultores
734 2982 857 3065 bonos,
876 2989 914 3052 et
931 2981 1110 3073 adjutores
1127 3002 1280 3073 quoque.
1332 2980 1377 3051 Id
1401 3002 1484 3052 oum
1509 2976 1696 3053 audivisset
1714 2979 1797 3053 Rex
1813 2983 1978 3074 optimus,

503 3153 588 3223 prae
605 3132 713 3201 animi
730 3130 870 3201 laetitio
885 3125 1040 3224 gestiens
1055 3130 1272 3221 hilariorque
1296 3130 1421 3211 fastus,
1438 3132 1571 3223 gratiae
1588 3132 1663 3223 egit
1679 3128 1750 3200 suia
1767 3130 1838 3201 illia
1855 3130 1979 3202 nobili-

503 3280 570 3349 bus
588 3279 633 3349 de
655 3278 720 3349 tali
738 3300 822 3373 ergo
837 3276 874 3349 se
891 3288 929 3349 et
946 3278 1223 3370 Rempublicam
1247 3278 1390 3349 animo:
1416 3277 1616 3348 identidem
1639 3277 1814 3370 pollicens
1842 3276 1978 3371 auspice

501 3426 581 3500 Deo
599 3435 637 3499 et
654 3428 730 3499 vita
745 3429 879 3499 comite
892 3423 929 3497 se
945 3426 1108 3497 manibus
1125 3424 1344 3517 pedibusque
1362 3439 1580 3507 curaturum,
1594 3435 1637 3495 ut
1653 3426 1839 3497 meliorem
1854 3427 1968 3498 multo

501 3572 648 3669 posteris
673 3576 832 3647 traderet
862 3572 1148 3667 Rempublicam‚
1166 3596 1274 3664 quam
1298 3597 1321 3644 a
1344 3574 1538 3667 majoribus
1565 3571 1637 3644 suis
1666 3573 1863 3668 accepisset.
1919 3576 1974 3645 Ac

502 3748 583 3797 cum
600 3726 739 3797 videret
762 3726 834 3795 duo
857 3718 1076 3818 potiffimum
1094 3718 1246 3793 existere
1262 3744 1327 3813 per
1343 3744 1436 3814 quae
1460 3719 1685 3792 florescerent
1701 3722 1880 3794 humanae
1897 3722 1980 3795 Res-

501 3875 674 3967 publicae,
691 3874 826 3946 scilicet
844 3872 1079 3966 Religionem,
1098 3878 1136 3941 et
1153 3872 1326 3941 bonarum
1351 3870 1474 3964 legum
1490 3868 1803 3942 constitutionem:
1832 3874 1977 3964 utrique

502 4024 661 4093 animum
686 4022 856 4094 admovit.
907 4020 1068 4091 Primum
1096 4018 1233 4110 aliquot
1257 4018 1459 4101 nobiliores,
1480 4020 1517 4088 in
1546 4018 1675 4108 quibua
1701 4021 1820 4091 inerat
1846 4019 1981 4091 summo

502 4172 693 4265 prudentia
709 4193 792 4241 cum
809 4166 901 4239 iusta
925 4168 1126 4237 eruditione
1143 4166 1340 4248 coniuncta,
1354 4165 1491 4259 delegit
1507 4187 1597 4257 quoa
1614 4168 1652 4236 in
1669 4175 1839 4237 externas
1855 4178 1980 4261 gentes

503 4322 676 4402 mitteret,
702 4318 748 4390 ad
775 4314 1020 4388 describendae
1046 4316 1145 4409 leges
1170 4322 1209 4385 et
1237 4335 1355 4384 mores
1383 4308 1654 4405 probatissimos.
1708 4313 1819 4385 Brevi
1848 4316 1980 4387 fastum

505 4464 567 4549 est,
585 4476 627 4537 ut
651 4466 775 4537 multis
801 4465 940 4559 legibus
966 4473 1004 4535 et
1033 4465 1163 4535 ritibus
1189 4464 1227 4534 in
1252 4484 1365 4533 unum
1393 4459 1609 4555 conscriptio,
1626 4463 1665 4533 hi
1682 4465 1749 4533 viri
1773 4464 1913 4535 nobiles
1937 4464 1981 4535 ad

510 4614 648 4710 Regem
664 4612 765 4685 suum
791 4635 863 4684 non
887 4614 1107 4706 inexpettnti
1133 4612 1327 4683 redierunt.
1378 4606 1464 4681 Post
1490 4609 1627 4703 aliquot
1652 4610 1739 4694 dien,
1757 4606 1865 4704 ipfiue
1889 4614 1981 4705 regie

505 4766 664 4857 imperio,
681 4765 843 4835 coattum
861 4758 914 4833 est
931 4784 977 4833 ex
994 4757 1166 4832 universis
1183 4760 1302 4854 Regni
1326 4759 1458 4830 sinibus
1483 4758 1685 4841 concilium,
1702 4760 1748 4830 ad
1774 4759 1980 4853 deligendae

504 4937 550 4987 ex
567 4936 611 4986 eo
627 4911 830 4985 tabularum
847 4932 974 4983 acervo
996 4908 1104 5003 leges,
1123 4908 1268 4981 Scotico
1292 4907 1424 5000 populo
1451 4903 1574 4999 postea
1598 4907 1737 4977 suturae
1762 4906 1903 4997 injure
1930 4908 1983 4976 di·
