4500 6100
694 828 1023 903 MONASTERII
1048 830 1084 902 A
1111 830 1338 904 KYNLOS.
1708 837 1755 902 53

282 1026 319 1095 in
329 1021 406 1094 suos
416 1020 507 1107 usna,
525 1019 599 1095 line
615 1024 789 1097 facultate
806 1025 965 1097 abbatis:
985 1049 1050 1121 ego
1068 1049 1152 1099 vero
1168 1027 1303 1098 nullius
1319 1021 1540 1120 profeffionio
1554 1022 1632 1095 sum
1656 1048 1756 1117 prae-

282 1181 442 1263 terquam
460 1166 601 1253 christi,
627 1180 666 1243 et
686 1196 777 1263 quae
794 1174 866 1242 mei
889 1173 1026 1244 labores
1051 1175 1141 1245 mihi
1165 1182 1342 1267 peperunt
1359 1196 1441 1245 mea
1457 1171 1562 1256 sunt;
1587 1173 1756 1265 quicquid

281 1322 431 1411 acquirit
455 1320 661 1407 monachus,
691 1321 843 1411 acquirit
872 1320 1085 1392 monasterio
1114 1320 1286 1393 nonsibi.
1338 1321 1445 1405 Quod
1470 1322 1692 1426 frequentius
1717 1322 1756 1390 in

280 1467 377 1539 libris
403 1464 623 1560 apposuerim
652 1489 785 1537 nomen
810 1467 959 1550 abbatia,
985 1468 1053 1539 hoc
1079 1469 1312 1541 tribuendum
1336 1467 1390 1539 est
1414 1436 1527 1541 amori
1552 1492 1623 1559 quo
1651 1468 1755 1538 illum

279 1615 503 1709 completior,
529 1608 626 1706 quasr
643 1616 785 1707 cupiam
802 1615 996 1685 amicorum
1018 1618 1140 1687 omnia
1164 1612 1233 1687 else
1259 1619 1472 1687 communia
1524 1616 1597 1687 Sed
1614 1628 1756 1710 rogote

280 1762 502 1853 quofronte,
527 1784 599 1855 quo
625 1762 730 1832 vultu
760 1762 915 1854 denique
939 1764 1057 1855 pergit
1082 1764 1243 1854 quotidie
1268 1764 1313 1835 ud
1339 1764 1452 1834 altare
1477 1764 1516 1833 iu
1540 1773 1617 1834 tam
1641 1766 1755 1835 mani-

278 1908 366 1981 festo
392 1919 530 1983 ettam
555 1934 675 1983 amaro
699 1912 911 1983 mendacio?
955 1911 1062 1983 Faxit
1079 1908 1250 1995 Christus,
1277 1921 1319 1981 ut
1335 1910 1480 2004 posthac
1504 1910 1684 2005 synceriua
1709 1913 1754 1983 de

275 2060 380 2134 rebus
396 2056 523 2131 nostris
534 2060 684 2151 judicet.
735 2057 881 2131 Interea
896 2069 939 2129 tn
954 2082 1020 2154 per
1033 2057 1249 2152 superiorem
1263 2068 1378 2141 tuum,
1396 2058 1632 2131 Plutarchum
1647 2081 1755 2151 quem

279 2208 377 2279 vobis
393 2207 478 2278 hinc
496 2205 759 2279 discedentibus
776 2209 870 2277 dono
887 2208 980 2291 dedi,
998 2210 1136 2301 optimo
1147 2208 1230 2299 jure
1246 2216 1410 2301 repetere
1428 2209 1578 2280 curabis.

325 2354 429 2427 Haec
446 2357 580 2426 invitus
605 2355 729 2448 adjeci,
756 2356 891 2448 optime
917 2353 1055 2437 Lestor,
1082 2351 1143 2425 sed
1167 2350 1217 2425 fic
1234 2357 1393 2446 oportuit
1409 2357 1545 2425 nomini
1571 2378 1653 2427 meo
1670 2379 1753 2426 con·

278 2502 391 2574 sulere
408 2512 533 2575 contra
549 2503 816 2574 obtreltutriceo
833 2511 871 2573 et
888 2508 1082 2573 venenatas
1099 2500 1259 2594 lingnam
1284 2510 1326 2571 ut
1341 2524 1407 2594 per
1422 2525 1540 2573 meam
1556 2500 1754 2623 absentiam

278 2674 350 2721 non
373 2648 510 2745 possum
534 2648 744 2742 respondere
770 2650 859 2720 meis
884 2647 1076 2730 maledicis,
1093 2648 1163 2718 hoc
1187 2646 1314 2719 saltem
1338 2644 1421 2718 fita
1446 2670 1506 2719 me
1522 2648 1687 2720 relittum
1709 2650 1754 2721 de

277 2822 357 2869 mea
369 2794 584 2870 conscientia
600 2798 695 2890 apud
712 2798 841 2889 probos
858 2797 951 2867 viros
968 2790 1185 2866 verissimum
1201 2817 1265 2887 pro
1278 2817 1338 2865 me
1351 2780 1595 2867 testimonium
1606 2797 1751 2868 bonum.

278 2945 381 3017 Vale.

324 3241 383 3313 De
407 3241 553 3335 reliquie
578 3263 662 3312 vero
686 3242 792 3334 hujus
817 3241 957 3313 abbatie
982 3241 1123 3334 egregie
1158 3241 1260 3313 dieis
1294 3251 1332 3313 et
1357 3244 1458 3314 faecis
1487 3246 1526 3314 in
1555 3242 1755 3338 Republica

277 3390 421 3462 Scotiea
436 3386 516 3483 post
537 3397 692 3460 mortem
718 3388 830 3481 Regis
854 3387 982 3459 Jacobi
1007 3387 1125 3480 quinti
1143 3387 1197 3459 illi
1215 3392 1437 3461 mentionem
1463 3391 1598 3462 sacient
1615 3393 1753 3484 quibua,

276 3538 322 3608 de
339 3537 450 3609 tantis
466 3536 570 3609 malis
590 3533 834 3630 praesentibus
858 3530 885 3605 fi
908 3535 1050 3626 quando
1077 3532 1285 3606 emerserint
1303 3533 1445 3628 justitia
1469 3546 1508 3610 et
1532 3540 1629 3632 prior
1653 3543 1755 3634 regni

277 3685 433 3768 libertae,
451 3684 585 3766 licebit,
603 3683 683 3754 Diis
700 3680 972 3773 hominibusque
989 3681 1333 3776 congratulantibus,
1344 3687 1534 3757 veritatem
1552 3684 1661 3779 ipsam
1674 3687 1755 3758 lite-

277 3855 396 3904 rarum
412 3831 656 3903 monumentis
672 3827 747 3901 fine
765 3830 847 3901 lirco
864 3829 1122 3900 commendare.
