4500 6100
708 716 1037 793 MONASTERII
1055 718 1099 840 'A
1125 717 1353 793 KYNLOS.
1726 732 1771 803 79

301 918 333 989 in
357 918 495 1013 Kynlos
524 917 665 1009 adjecit,
693 919 730 987 in
759 940 830 1008 qua
856 918 901 987 ad
930 926 1120 1009 utramque
1148 926 1289 1009 partem
1318 917 1389 988 duo
1408 918 1577 991 ‘fumaria
1599 920 1774 993 fornicata

299 1063 460 1161 adposuit.
511 1065 695 1158 Coquinae
720 1066 859 1137 accedit
875 1086 967 1135 unns
984 1074 1093 1156 atque
1110 1064 1203 1136 alter
1219 1066 1355 1150 sumus,
1372 1062 1571 1160 pistrinum,
1590 1076 1629 1139 et
1645 1068 1773 1139 domuc

297 1214 402 1287 altera
425 1216 471 1285 ad
496 1214 631 1285 farinae
648 1210 863 1295 custodiam
889 1214 1010 1284 omnia
1026 1237 1110 1285 cum
1127 1211 1264 1297 solario,
1282 1211 1440 1307 ejusdem
1457 1214 1616 1287 Thomae
1632 1216 1772 1288 abbatis

295 1359 454 1457 impensis
471 1358 713 1435 decentiffime
730 1359 916 1434 exstrutta.

338 1512 466 1606 Nuper
482 1514 592 1583 etiam
610 1509 781 1605 transegit
799 1513 844 1582 dc
861 1506 1109 1583 constituendo
1125 1520 1237 1605 ponte
1253 1511 1359 1604 super
1385 1520 1546 1585 torrente
1570 1512 1716 1583 fluentis
1733 1525 1771 1583 et

293 1661 478 1732 defluentis
494 1662 611 1743 marie,
627 1662 735 1753 juxte
746 1668 887 1753 portam
903 1654 1117 1730 monasterii.
1169 1659 1349 1731 Parantur
1365 1662 1481 1731 indies
1497 1662 1542 1731 ad
1560 1684 1641 1733 eam
1658 1657 1770 1731 struc-

291 1820 405 1881 turam
431 1810 576 1902 lapides,
602 1818 640 1879 et
665 1810 979 1901 ante-proximum
1008 1808 1144 1881 Pascha
1169 1809 1227 1899 (ut
1251 1808 1426 1903 speratur)
1452 1811 1642 1881 reclinem
1670 1811 1770 1881 adin-

291 1962 417 2030 veniet.
520 1994 525 2001 ·

335 2108 408 2179 Sed
425 2108 572 2202 longum
589 2107 682 2177 forte
705 2101 768 2187 est,
788 2105 883 2197 quod
900 2106 1050 2188 damue;
1079 2104 1222 2198 Operae
1238 2108 1403 2199 precium
1419 2107 1532 2179 fuerit
1548 2129 1640 2200 quae
1655 2110 1770 2201 mame

290 2259 330 2327 ad
347 2258 500 2328 hominis
517 2254 769 2327 excellentiam
787 2251 958 2347 spettaut
976 2253 1100 2345 paucis
1123 2251 1292 2322 indicare.
1343 2249 1405 2321 Sic
1422 2254 1537 2322 virtue
1554 2251 1629 2345 ipsa
1644 2254 1769 2347 ignota

290 2405 420 2488 multis,
437 2406 513 2498 jam
532 2412 640 2497 caput
657 2426 803 2474 exerere
820 2403 977 2494 incipiet.
1029 2400 1087 2471 Ac
1104 2396 1281 2471 constabit
1295 2399 1466 2471 facillime
1490 2422 1600 2491 quam
1615 2422 1767 2494 magnus

289 2564 360 2623 erat
389 2553 532 2623 futurus
562 2552 727 2621 dominus
762 2550 925 2631 thomae,
956 2544 982 2618 fi
1013 2571 1056 2619 ca
1085 2549 1262 2640 cupiditas
1294 2548 1470 2619 honorum
1506 2570 1577 2639 qua
1605 2546 1767 2640 plerique

287 2709 455 2771 tenentur
471 2694 647 2770 insedisset
665 2700 805 2781 animo;
823 2699 944 2775 immo.
963 2704 1097 2788 quanto
1114 2697 1293 2767 maximus
1309 2689 1354 2766 sit
1366 2697 1428 2787 qui
1445 2695 1508 2766 illa
1525 2718 1617 2787 quac
1633 2702 1766 2767 caeteri

286 2852 469 2930 mirantur,
497 2855 689 2919 contentus
714 2844 777 2916 sua
799 2842 903 2929 sorte,
921 2842 1060 2937 semper
1076 2842 1256 2937 spreverit.
1308 2844 1439 2917 Voluit
1465 2844 1656 2915 Scotorum
1683 2845 1765 2917 Rex

285 2997 439 3069 lacobus
464 2988 711 3068 illustrissimus
729 2996 806 3087 ejus
822 2994 977 3064 nominis
994 3001 1152 3084 quartus,
1178 2993 1365 3065 dominum
1389 2993 1564 3067 Thomam
1581 2996 1620 3066 in
1636 2995 1766 3088 prima-

285 3149 374 3217 rium
391 3143 444 3216 sui
467 3143 621 3216 instituti
646 3145 765 3216 locum
791 3167 855 3236 per
879 3142 1024 3214 Scotiae
1049 3144 1270 3236 provinciam
1295 3142 1539 3216 transcribere.
1592 3143 1666 3216 Sed
1690 3168 1765 3215 mo-

194 3345 199 3360 .
286 3293 402 3366 destue
428 3303 466 3366 et
491 3293 637 3388 frugalis
658 3296 713 3363 vir
737 3293 866 3364 maluit
891 3293 1064 3386 exiguum
1089 3301 1128 3361 et
1153 3292 1388 3384 tranquillum
1405 3290 1468 3364 sua
1485 3315 1593 3386 opera
1609 3289 1766 3365 exstruc-

284 3454 359 3514 tum
386 3445 504 3514 locum
521 3438 703 3536 possidere,
727 3464 833 3533 quam
860 3443 978 3511 denuo
1003 3463 1085 3511 cum
1111 3437 1316 3510 adversariis
1340 3440 1465 3510 multis
1489 3443 1527 3509 in
1553 3437 1764 3533 amplissimo

284 3591 473 3663 aMelrosc
484 3589 696 3663 monasterio
713 3590 885 3662 flnttuari.
938 3588 1075 3660 Eadem
1092 3589 1241 3669 ratione,
1260 3586 1407 3657 alterius
1423 3583 1625 3680 ampliffimi
1641 3611 1764 3660 mona-

284 3737 376 3810 sterii
403 3764 425 3811 a
450 3739 645 3811 Dribrocht
674 3761 824 3831 aequam
854 3763 875 3810 a
901 3737 1077 3807 Formano
1106 3733 1365 3828 archipraesule
1390 3745 1428 3806 et
1453 3734 1598 3806 Scotiae
1623 3735 1762 3831 Legato

284 3889 402 3959 datam
424 3890 677 3970 conditionem,
695 3885 867 3980 neglexit.
911 3885 992 3956 Nec
1008 3883 1251 3977 episcopatum
1277 3879 1418 3954 Rosiiae
1442 3885 1551 3954 toties
1576 3884 1622 3956 ab
1647 3887 1762 3956 amico

282 4034 439 4129 praesule
456 4036 600 4106 domino
626 4035 786 4110 Rubertc
812 4033 1006 4106 Cokbume
1031 4031 1202 4114 oblatum,
1229 4054 1388 4123 unquam
1414 4033 1471 4121 (ut
1496 4034 1616 4104 exitus
1639 4030 1761 4126 postea

282 4186 414 4276 docuit)
432 4187 552 4278 magui
569 4185 666 4255 fecit.

328 4329 438 4404 Usus·
456 4327 507 4402 est
540 4339 725 4425 practerea
757 4328 811 4402 sui
843 4331 976 4400 ordinis
1010 4330 1229 4400 authoritate
1263 4327 1410 4411 summa,
1445 4331 1490 4400 ad
1521 4323 1757 4398 visitationem

280 4479 400 4572 (quam
413 4482 557 4573 vocant)
583 4502 647 4572 per
673 4477 871 4549 universam
893 4475 1036 4548 Scotiae
1053 4477 1282 4569 provinciam.
1333 4475 1460 4567 Atque
1477 4499 1524 4547 ex
1540 4475 1666 4559 officio,
1683 4473 1757 4546 sae-

279 4625 437 4720 piuscule
452 4621 664 4698 monasteria
680 4651 702 4698 a
715 4626 824 4697 Deire
835 4633 873 4696 et
887 4622 1029 4695 Oulross
1042 4626 1079 4694 in
1095 4620 1166 4694 suis
1184 4624 1394 4694 ceremoniis
1411 4622 1573 4715 collapsa,
1588 4619 1755 4693 restituit.

280 4775 484 4870 Imperante
508 4775 619 4846 etiam
644 4772 779 4845 Jacobo
808 4781 944 4865 quarto,
972 4781 1009 4843 et
1034 4771 1254 4843 authoritate
1278 4770 1412 4842 ordinis
1437 4773 1570 4863 quain
1596 4793 1640 4842 ea
1655 4781 1757 4865 parte

279 4921 501 5017 fungebatur,
530 4920 698 4993 abbatem
725 4945 746 4994 a
771 4919 925 4992 Melross
955 4921 1139 4990 dominum
1170 4917 1393 4992 Gulielmum
1422 4920 1611 4992 Trumbull
1638 4922 1755 4992 virum
