4500 6100
705 786 1035 863 MONASTERII
1060 786 1098 859 A
1123 786 1351 860 KYNLOS.
1724 798 1772 869 37

291 988 451 1061 Scotiam
479 983 628 1058 subinde
653 988 823 1081 cogitans.
876 986 950 1059 Ubi
975 982 1141 1069 rediisset,
1166 986 1330 1078 nequivit
1358 984 1492 1057 alicubi
1522 982 1770 1078 conqmescere

293 1132 355 1208 nisi
382 1138 420 1207 in
445 1133 607 1228 Kynlos:
633 1157 704 1226 quo
733 1136 772 1205 in
799 1133 877 1205 loco
905 1143 1073 1229 gravmus
1101 1136 1227 1206 morbo
1251 1136 1364 1205 vitam
1393 1143 1511 1205 morte
1532 1137 1769 1207 commutavit

292 1284 429 1357 duobus
445 1284 548 1355 aunis
564 1278 645 1377 post
660 1279 776 1354 scelus
785 1279 982 1367 admissum,
1000 1284 1129 1355 eodem
1144 1281 1279 1366 mense,
1296 1283 1355 1354 die
1371 1305 1457 1353 vero
1473 1284 1622 1375 quinto;
1647 1304 1770 1356 exem·

291 1435 392 1528 plum
407 1430 584 1527 sacrilegis
608 1432 793 1524 praebens,
819 1452 910 1523 quae
934 1453 1051 1523 poena
1074 1454 1137 1502 eos
1161 1440 1316 1503 maneat.
1368 1431 1556 1523 Quotquot
1575 1429 1659 1503 sunt
1684 1456 1768 1505 eum

290 1582 452 1655 comitati
477 1583 515 1651 in
540 1578 737 1674 effrigeuda
760 1576 907 1653 ecclesia
929 1577 1119 1673 aKynloa
1145 1579 1253 1672 paulo
1276 1576 1356 1673 post
1379 1581 1513 1651 mortui
1536 1580 1620 1651 sunt
1644 1604 1769 1653 omnes

292 1733 454 1825 turpiter,
479 1754 553 1801 uno
575 1738 729 1822 excepto
745 1728 771 1799 J
772 1729 883 1801 acobo
901 1725 1064 1800 Dumbar
1079 1752 1102 1801 a
1117 1728 1279 1813 Tarbnle,
1297 1751 1405 1821 quern
1422 1731 1604 1821 poenituit
1620 1730 1713 1813 foai,
1731 1741 1770 1802 et

293 1882 435 1953 veniam
452 1879 616 1973 petendo
636 1878 805 1950 obtinuit.

341 2028 418 2101 Sub
432 2028 501 2099 hoc
519 2026 650 2099 abbate
665 2023 818 2118 suscepti
835 2021 918 2094 sunt
935 2026 973 2094 in
984 2026 1241 2097 monachatum
1258 2027 1326 2097 viri
1341 2028 1404 2118 qui
1420 2023 1690 2118 sequuntur:-

340 2176 511 2260 Pn'mum,
538 2176 703 2247 dominus
732 2173 910 2246 Patricius
937 2172 1218 2269 Fothiringame,
1245 2176 1308 2266 qui
1337 2175 1428 2246 obiit
1454 2170 1575 2247 nostro
1604 2184 1767 2269 tempore

296 2332 398 2408 1532,
432 2321 553 2395 mense
581 2320 738 2417 Augusti
768 2344 885 2406 mane,
915 2323 954 2392 in
983 2322 1057 2396 divi
1086 2322 1263 2396 Bernardi
1291 2319 1392 2395 sesto.
1450 2323 1625 2395 interfuit
1653 2325 1770 2395 funeri

294 2473 472 2545 Robertus
489 2474 610 2545 abbas.

340 2622 517 2693 Dominus
543 2621 661 2693 David
688 2620 859 2715 Murray;
885 2622 946 2712 qui
964 2644 985 2692 e
1002 2618 1125 2692 Scotia
1145 2620 1334 2713 professus,
1356 2620 1473 2693 adhuc
1491 2622 1612 2690 vivere
1628 2620 1770 2690 dicitur.

339 2770 517 2841 Dominus
533 2769 558 2842 J
559 2770 691 2841 acobus
709 2768 816 2851 Pont,
833 2768 1026 2860 aliquando
1041 2766 1209 2863 superior,
1235 2792 1333 2841 nunc
1348 2763 1529 2853 consessor,
1548 2768 1603 2839 vir
1618 2768 1771 2860 probum

298 2922 341 2991 de
357 2944 427 3013 quo
444 2922 483 2991 in
500 2922 576 2991 vita
590 2917 748 2990 'l'homae
765 2918 904 2990 abbatis
920 2916 1023 3010 plura
1039 2915 1234 2989 scribimus.

345 3065 523 3140 Dominus
548 3067 720 3142 Valterus
745 3066 929 3151 Hethone,
955 3077 1080 3140 cautor
1103 3068 1224 3152 chori3
1249 3069 1296 3140 de
1319 3068 1389 3140 hoc
1413 3069 1489 3138 viro
1513 3067 1618 3160 plura
1643 3069 1681 3138 in
1698 3071 1774 3139 vita

295 3219 452 3290 Thomas
468 3217 617 3290 abbatis
1686 3201 1695 3216 '

345 3368 522 3438 Dominus
561 3365 742 3438 Robertus
775 3363 969 3458 Gomyuus,
1013 3364 1150 3435 dudum
1181 3365 1407 3460 guardianm,
1448 3389 1545 3438 nunc
1581 3389 1772 3461 granorum

297 3513 421 3590 custos.

344 3667 521 3738 Dominus
536 3662 561 3735 J
563 3685 695 3736 oannes
716 3659 860 3746 Person,
884 3655 980 3732 nunc
1005 3656 1191 3732 institutor
1209 3663 1426 3732 noritiomm
1442 3659 1592 3745 Belloci,
1609 3660 1674 3733 sub
1699 3662 1772 3732 Ro-

297 3817 398 3888 berto
415 3815 546 3886 abbate
563 3805 783 3906 Kynlocenfi
799 3809 873 3894 suo,
891 3817 929 3882 et
945 3807 1085 3880 Belloci
1101 3809 1228 3902 priore.

344 3963 521 4036 Dominus
536 3961 696 4032 Josnnes
718 3958 857 4052 Smyth‚
883 3980 999 4050 nuper
1020 3954 1188 4050 superior,
1206 3957 1285 4049 jam
1309 3959 1564 4030 monachomm
1589 3955 1770 4041 confessor,

295 4109 397 4186 slmul
414 4121 452 4185 et
468 4109 655 4184 bursarius.

343 4261 521 4334 Dominus
539 4259 718 4331 Serranus
735 4256 899 4338 Browne,
917 4278 1013 4326 nunc
1029 4253 1266 4349 piscationum
1282 4251 1409 4328 custos.

344 4409 521 4482 Dominus
536 4406 742 4481 Gulielmus
759 4403 923 4487 Browne,
941 4427 1037 4476 nuno
1053 4400 1206 4476 nonita

345 4557 498 4650 Recepit
514 4564 553 4627 et
570 4551 876 4627 adolescentulum
897 4553 1053 4624 alterum
1077 4552 1171 4624 bene
1187 4551 1390 4626 litteratum
1405 4550 1581 4622 Jacobum
1599 4509 1769 4634 Dekisou

293 4729 463 4778 unacum
480 4703 624 4774 domino
650 4700 834 4774 Gulielmo
857 4699 1021 4770 Browne.
1073 4698 1146 4771 Sed
1168 4722 1251 4770 cum
1277 4721 1368 4792 puer
1383 4722 1457 4769 nou
1473 4693 1585 4791 posset
1601 4700 1770 4771 monaeh-

294 4862 372 4952 atus
388 4853 527 4926 labores
546 4851 718 4945 perferre,
744 4848 868 4920 volens
885 4850 923 4918 in
939 4849 1119 4920 novitiatu
1143 4843 1309 4920 demissus
1326 4846 1389 4931 est,
1406 4848 1468 4939 qui
1493 4871 1537 4919 eo
1553 4871 1649 4920 anno
1671 4851 1765 4943 apud

293 5009 430 5094 patrem
446 4997 548 5072 suum
565 5001 676 5074 vitam
693 5005 810 5070 morte
826 4997 1072 5069 commutarit.
