4500 6100
692 788 1023 863 MONASTERII
1047 789 1085 862 A
1111 789 1339 863 KYNLOS.
1711 800 1757 867 39

278 990 394 1060 bimus
423 985 583 1079 'paucula
610 1009 702 1079 quae
728 988 975 1059 contexendae
1004 983 1170 1058 historiae
1199 986 1390 1078 aliquando
1418 983 1587 1058 inservire
1614 984 1755 1079 possint.

279 1135 439 1205 Primum
455 1133 567 1206 nobili
585 1131 689 1206 simul
707 1144 744 1205 et
760 1130 910 1207 honesto
927 1136 1006 1207 loco
1023 1144 1131 1207 natus
1151 1137 1189 1205 in
1206 1133 1434 1227 Akynheide
1456 1132 1626 1227 utrosque
1643 1135 1756 1207 claros

276 1283 402 1356 habuit
427 1290 616 1376 parentes;
641 1281 821 1355 Joannem
848 1283 941 1355 Reid
966 1292 1115 1377 patrem,
1142 1284 1204 1375 qui
1229 1304 1312 1353 cum
1339 1280 1476 1353 Jaeobo
1502 1284 1579 1374 ejus
1603 1286 1758 1353 nominis

276 1439 403 1523 quarto
428 1428 619 1503 Scotorum
644 1430 746 1527 Rege
771 1433 865 1526 apud
893 1430 1080 1514 Floddum,
1106 1433 1184 1515 viz,
1210 1433 1248 1500 in
1275 1431 1537 1501 Nerthumbria
1561 1432 1755 1515 occubuit;

276 1575 452 1651 Belsetam
478 1579 703 1652 Schanwelle
733 1592 885 1652 matrem
910 1602 1128 1675 germanam,
1154 1584 1231 1663 via,
1257 1580 1397 1651 abbatis
1421 1604 1444 1651 a
1473 1579 1593 1674 Cupro
1619 1583 1754 1651 domini

276 1727 424 1799 Joannis
441 1727 671 1801 Scbanwellii
694 1738 731 1799 et
755 1726 921 1824 Magistri
947 1728 1097 1800 Roberti
1123 1727 1351 1801 Schanwellii
1376 1751 1473 1799 nnnc
1498 1731 1608 1800 etiam
1632 1731 1755 1801 vicarii

275 1876 504 1949 aKirkaldii.
543 1876 726 1950 Educatus
744 1874 796 1948 est
812 1878 908 1971 apud
925 1876 1142 1949 avunculum
1155 1874 1364 1972 magistrum
1376 1876 1587 1961 Robertum,
1601 1878 1752 1949 Arcbie-

274 2022 404 2121 piscopi
429 2025 515 2097 Divi
535 2026 704 2097 Andreae
725 2024 922 2109 officialem,
949 2028 986 2096 in
1012 2024 1087 2117 ipsa
1110 2026 1200 2095 urbe
1226 2025 1312 2095 Divi
1328 2023 1518 2107 Andreae,
1535 2027 1595 2097 ubi
1622 2030 1754 2097 artium

273 2176 473 2247 liberalium
499 2184 537 2247 et
553 2172 721 2269 magister
737 2176 774 2245 in
792 2174 943 2269 collegio
967 2173 1052 2245 Divi
1080 2173 1276 2245 Salvatoris
1300 2171 1365 2243 sub
1387 2172 1530 2268 collegii
1554 2139 1754 2268 praeposito

274 2324 328 2393 M.
355 2322 513 2417 Hugcne
531 2322 647 2416 Spens
671 2323 839 2417 theologo
864 2318 1060 2405 clariffinm,
1086 2331 1228 2393 creatus
1253 2318 1315 2392 est.
1368 2320 1549 2414 Deinceps
1566 2346 1649 2394 cum
1666 2322 1753 2395 esset

272 2472 429 2543 moribus
451 2468 719 2565 spet'mtillimus
749 2470 883 2543 eleRus
912 2466 1023 2543 estin
1055 2466 1283 2542 successorem
1304 2467 1445 2541 honesti
1471 2472 1536 2540 viri
1562 2469 1752 2543 subdecani

273 2622 458 2693 Moraviae
488 2622 622 2692 domini
653 2619 826 2694 Gulielmi
857 2616 1112 2691 Winchester:
1148 2614 1226 2712 post
1251 2618 1438 2713 paululum
1471 2642 1556 2689 vero
1580 2624 1752 2712 temporis

271 2792 333 2863 per
357 2778 510 2841 mortem
538 2771 672 2840 domini
698 2766 899 2851 subdecani,
930 2771 982 2839 ita
1006 2770 1081 2863 egit
1106 2769 1145 2839 in
1172 2790 1215 2838 eo
1241 2777 1458 2839 munerant
1483 2768 1622 2839 duobus
1651 2791 1751 2861 prae-

269 2916 403 2989 sulibus
421 2918 618 3000 Moraviae‚
643 2919 710 2989 hoc
732 2913 784 2989 est
809 2911 975 3013 magistro
1001 2916 1138 2989 Jacobo
1164 2915 1341 2998 Halburn,
1367 2925 1406 2987 et
1427 2918 1571 2987 domino
1589 2916 1750 2987 Roberto

271 3066 418 3139 Schawe
435 3068 544 3139 suerit
570 3069 676 3163 longe
692 3063 916 3162 gratiffimua,
943 3075 981 3138 et
998 3065 1063 3137 sub
1080 3067 1136 3138 his
1160 3069 1236 3160 egit
1260 3065 1450 3138 officialem
1475 3066 1597 3160 (quam
1619 3077 1750 3136 vocant

271 3239 341 3287 non
358 3219 507 3308 inepte).
559 3216 729 3288 Habebat
746 3217 912 3288 dominus
931 3216 1112 3288 Rcbertus
1131 3214 1281 3286 Scbawe
1297 3216 1335 3284 in
1352 3217 1472 3286 animo
1488 3217 1585 3286 hunc
1602 3214 1750 3309 diligere

271 3369 305 3436 in
338 3359 567 3436 successorem
605 3361 707 3434 suum
746 3361 811 3434 nisi
844 3387 940 3436 mors
974 3367 1168 3437 immatura
1205 3364 1301 3435 illius
1338 3373 1509 3436 conatum
1547 3363 1748 3458 abrupisset.

271 3512 414 3586 Interea
453 3522 576 3584 tamen
618 3513 742 3584 multis
786 3514 990 3585 nominibus
1027 3510 1211 3607 satagebat
1247 3536 1368 3584 rerum
1404 3511 1546 3586 suarum
1584 3515 1750 3584 dominus

269 3661 421 3734 Thomas
447 3657 623 3755 Chrystall
641 3672 682 3732 ut
707 3663 744 3733 in
768 3659 963 3733 constituto
988 3645 1046 3734 rel
1068 3664 1188 3756 potius
1205 3657 1371 3732 restituto
1395 3685 1459 3754 per
1483 3658 1519 3732 se
1534 3658 1747 3732 monasterio

270 3833 339 3882 non
365 3807 574 3914 oscitantem
593 3811 810 3904 relinqueret
827 3806 1065 3883 successorem.
1116 3811 1288 3882 Obtinuit
1312 3812 1434 3903 itaque
1457 3813 1618 3902 quamvis
1640 3835 1747 3907 aegre

270 3968 309 4030 ut
335 3958 390 4029 M.
417 3959 598 4031 Robertus
624 3959 727 4042 Reid,
754 3983 824 4052 quo
842 3961 886 4030 de
903 3983 1000 4030 nunc
1016 3960 1165 4054 agimus,
1190 3959 1297 4052 hujus
1322 3959 1392 4029 loci
1416 3960 1635 4051 provinciam
1651 3963 1689 4031 in
1709 3959 1746 4030 se

268 4109 464 4199 reciperet3
489 4106 526 4176 id
543 4108 638 4197 quod
657 4108 789 4178 factum
807 4103 860 4176 est
875 4106 939 4178 sub
957 4129 1051 4178 anno
1068 4108 1204 4178 domini
1224 4109 1329 4180 1526.
1380 4106 1491 4178 Anno
1508 4131 1592 4179 vero
1610 4109 1745 4179 domini

271 4260 373 4338 1527,
399 4255 577 4348 profectus
602 4251 654 4324 est
679 4255 860 4327 Robertus
880 4255 974 4327 Reid
991 4255 1156 4340 Romam,
1183 4279 1247 4350 pro
1270 4257 1525 4350 diplomatibus
1542 4253 1744 4329 monasterii

267 4427 287 4474 a
303 4401 453 4496 Kynlos,
480 4405 517 4474 in
542 4403 755 4496 pontificatu
780 4403 978 4474 Clementis
996 4401 1148 4496 septimi,
1165 4405 1273 4499 paulo
1289 4402 1368 4498 post
1384 4429 1463 4478 eam
1481 4405 1618 4477 cladem
1635 4427 1743 4496 quam

267 4550 466 4623 Eorbonius
494 4552 580 4623 Dux
605 4552 686 4622 urbi
710 4552 845 4622 intulit.
873 4552 1031 4646 Signatis
1057 4555 1205 4624 tandem
1231 4553 1484 4647 diplomatibus
1508 4550 1572 4624 sub
1596 4555 1740 4624 initium

265 4704 347 4772 anni
375 4707 470 4772 1528
488 4701 613 4772 urbem
638 4701 819 4794 relinquit,
838 4701 998 4773 Scotiam
1016 4703 1214 4773 identidem
1231 4705 1402 4796 cogitans.
1451 4703 1553 4774 Tunc
1569 4706 1742 4797 temporis

265 4870 337 4932 nos,
365 4851 490 4920 exadto
507 4871 599 4941 pene
616 4850 780 4933 triennio,
799 4844 940 4920 Parisiis
965 4846 1206 4943 magisterium
1233 4851 1353 4942 (quam
1372 4851 1511 4944 dicunt)
1536 4850 1739 4923 liberalium

264 4999 393 5067 artium
411 4997 479 5067 atti
497 5019 647 5080 eramus,
665 5005 774 5088 atque
798 4995 920 5068 oblata
944 4997 1159 5080 conditione,
1184 5020 1267 5070 cum
1293 4994 1378 5070 esset
1403 5000 1441 5069 in
1466 5001 1586 5071 animo
1609 5001 1738 5071 horum
